3716 5628
551 556 638 646 206
695 553 935 684 Testimonio
956 554 997 645 in
1023 553 1243 646 Germania
1254 553 1435 676 scripto.

475 834 533 869 raas
548 819 616 870 unda
629 818 716 872 omnia
730 830 882 888 tegerentur,
903 835 949 870 nec
962 817 1057 878 alveus,
1072 833 1119 869 nec
1131 817 1224 870 vadum
1238 817 1384 886 apparebat.
1406 817 1500 868 Omnia
1514 834 1575 886 pon·

548 911 588 950 tus
609 912 688 951 erant.
716 898 765 960 Qui
788 915 832 967 per
854 915 960 968 aggeres
979 898 1083 966 patebat
1105 897 1195 962 exitus,
1216 896 1345 949 crebris&
1360 895 1446 948 validis
1468 896 1574 948 hostium

547 977 656 1047 presidiis
677 978 835 1031 infidebatur.
858 980 887 1030 In
909 975 983 1030 classe
1001 994 1033 1030 ac
1049 976 1143 1045 reliqua
1160 977 1227 1044 apud
1243 977 1389 1030 Damiatam
1403 976 1488 1029 sclicla
1501 978 1575 1028 turba

547 1058 614 1110 nulla
627 1058 689 1128 spes.
713 1059 814 1127 Quippe
826 1057 850 1110 bi
864 1056 994 1109 maritimis
1007 1057 1109 1120 viribus,
1128 1074 1204 1125 quam
1217 1057 1372 1109 terrestribus
1386 1055 1516 1120 firmiores,
1530 1073 1575 1108 nec

547 1153 592 1206 per
606 1135 727 1189 flexuosas
739 1153 770 1188 ac
782 1137 906 1189 tortuosas
921 1135 1030 1188 rivorum
1046 1135 1133 1199 moles,
1151 1137 1184 1186 ab
1202 1135 1270 1188 hoste
1282 1133 1400 1200 obsessas,
1420 1133 1493 1186 facile
1514 1144 1575 1197 erat,

547 1214 687 1267 adnostros
701 1214 846 1284 irrumpere,
862 1226 905 1266 aut
920 1213 1043 1283 suppetias
1056 1213 1159 1282 perditis
1172 1213 1260 1266 inferre
1275 1216 1356 1266 rebus.
1379 1212 1498 1267 Unanimi
1515 1228 1576 1264 con·

547 1293 615 1346 senso
639 1295 803 1347 denunciatur
826 1295 886 1346 totis
909 1294 1001 1357 castris,
1023 1291 1106 1344 inedia
1120 1292 1203 1361 potius
1217 1294 1336 1347 omnibus
1349 1293 1503 1363 pereundum
1517 1289 1576 1355 ell'e,

547 1391 623 1442 quam
645 1387 728 1443 turpes
750 1373 906 1426 conditiones
923 1373 1064 1436 admittere,
1088 1384 1131 1424 aut
1144 1389 1231 1441 pacem
1246 1385 1344 1442 turpem
1358 1389 1475 1442 pangere.
1501 1371 1575 1424 Brevi

546 1453 609 1518 sore,
630 1465 657 1506 ut
672 1454 722 1506 Nili
734 1454 833 1506 fluentis
847 1453 1084 1517 detumescentibus,
1106 1453 1147 1504 sue
1162 1453 1253 1504 rediret
1265 1465 1329 1505 terre
1343 1452 1446 1517 siccitas,
1459 1451 1576 1523 Egyptiis

546 1533 666 1602 gaudium
680 1533 747 1585 lustu
759 1546 950 1602 permutaretur.
975 1532 1108 1584 Orationes
1122 1531 1249 1584 indicte&
1264 1531 1464 1600 supplicationes,
1477 1543 1502 1583 at
1518 1530 1576 1583 nihil

547 1613 716 1681 impetratum.
741 1617 795 1666 lant
810 1613 884 1682 sopor
895 1613 980 1664 triduo
993 1611 1086 1664 ieiunio
1099 1613 1208 1679 gravior,
1232 1611 1297 1663 acies
1311 1611 1448 1677 instruens,
1461 1611 1509 1663 hac
1522 1611 1577 1662 illac

547 1693 675 1745 fluitantes
688 1693 822 1761 opprimit;
842 1693 938 1744 innixos
951 1691 1034 1752 hallis,
1050 1703 1094 1744 aut
1106 1691 1215 1743 humeris
1232 1691 1344 1760 proxime
1356 1691 1489 1742 astantium
1505 1691 1578 1743 incli-

547 1786 630 1838 natos,
643 1773 727 1825 ridere
744 1785 805 1838 erat,
817 1770 939 1824 dissolutis
953 1771 1040 1824 somno
1053 1772 1181 1837 membris,
1202 1771 1226 1823 in
1241 1788 1320 1840 aquas
1332 1770 1468 1836 considere,
1480 1788 1577 1840 queres

550 1852 674 1905 Meledini
687 1853 792 1917 soldani,
812 1852 887 1904 etiam
901 1851 976 1904 hostis
990 1851 1112 1916 animum,
1124 1851 1149 1902 in
1158 1851 1351 1903 admirationem
1362 1851 1494 1903 virtutis&
1505 1851 1578 1904 cons-

548 1933 627 1984 tantie
638 1932 762 2001 perduxit.
785 1933 839 1984 Nec
851 1930 1000 1983 diffimutare
1020 1931 1112 1983 diutius
1126 1931 1217 1998 potnit,
1239 1948 1314 1999 quem
1329 1948 1359 1982 ex
1374 1929 1510 2000 pertinacia
1523 1929 1578 1983 nos-

548 2023 643 2063 trorum
656 2012 769 2064 dolorem
790 2023 966 2077 contraxerat,
990 2011 1092 2063 nuncios
1113 2011 1145 2062 ad
1160 2010 1308 2079 legatum&
1323 2027 1418 2079 regem,
1432 2010 1578 2078 ceterosque

548 2089 669 2160 principes
685 2092 770 2156 mittit,
783 2092 826 2161 qui
841 2108 884 2143 eos
900 2091 1041 2144 communis
1056 2090 1138 2142 salutis
1152 2091 1275 2142 rationem
1289 2090 1381 2142 habere
1393 2091 1505 2142 iubeant.
1519 2091 1577 2143 Non

547 2171 662 2240 ignorare
683 2170 772 2240 ipsum,
795 2188 847 2240 quo
866 2172 890 2222 in
913 2171 976 2222 statu
997 2188 1035 2223 res
1054 2170 1163 2239 ipsorum
1177 2170 1299 2222 collocate
1311 2169 1365 2234 sint,
1387 2169 1474 2222 Nilum
1488 2170 1513 2221 in
1525 2168 1578 2221 dies·

547 2251 671 2302 alluvione
690 2251 828 2304 excrescere
841 2250 947 2303 naturali
969 2250 1013 2302 suo
1035 2249 1156 2314 instituto,
1179 2261 1255 2319 atque
1277 2263 1336 2301 ante
1352 2249 1497 2301 autumnale
1510 2249 1579 2318 equi-

548 2330 658 2382 noclium
672 2330 738 2382 haud
749 2331 773 2380 in
783 2332 881 2382 alveum
895 2332 919 2382 se
933 2341 1099 2399 recepturum.
1112 2330 1170 2381 Non
1183 2329 1295 2382 recusare
1308 2330 1332 2381 se
1344 2347 1466 2399 pugnam,
1479 2329 1520 2382 sed
1533 2331 1579 2381 im-

549 2410 638 2463 bellem
648 2409 717 2474 forti,
728 2409 848 2478 ignavum
860 2410 968 2474 strenuo,
982 2408 1107 2480 presertim
1118 2427 1183 2477 aque
1194 2408 1310 2460 violentia
1323 2408 1390 2460 fame
1403 2421 1480 2478 atque
1491 2409 1579 2461 somno

549 2501 676 2554 enervato,
688 2491 737 2540 iam
751 2489 926 2558 prestaturum.
951 2489 1059 2540 Pareant
1072 2488 1158 2556 itaque
1171 2487 1314 2552 neceslitati,
1327 2487 1442 2556 legesque
1454 2487 1578 2556 accipiant

548 2585 610 2638 quas
624 2567 673 2619 fine
682 2567 814 2633 dedecore,
827 2567 875 2619 sene
885 2567 1033 2636 ignominia,
1045 2567 1139 2636 absque
1152 2579 1222 2628 nota,
1237 2565 1356 2636 suscipere
1366 2565 1461 2636 possint.
1476 2568 1578 2638 Nepha·

549 2649 612 2700 rium
625 2647 668 2717 ipss
681 2647 769 2710 videri,
790 2647 807 2699 ss
820 2659 889 2699 tante
903 2646 1067 2698 multitudinis
1081 2645 1178 2697 cladem
1192 2647 1267 2699 solem
1280 2645 1425 2715 conspicere
1438 2647 1580 2716 contingat,

549 2727 628 2796 ipsum
643 2743 692 2780 uon
706 2726 826 2778 nefarium
840 2743 854 2776 a
873 2726 958 2778 nostris
973 2725 1050 2778 scelus
1065 2725 1205 2795 exposcere,
1228 2737 1328 2778 tantum
1351 2725 1376 2776 id
1396 2725 1528 2795 postulare,
1551 2739 1580 2780 ut

550 2809 669 2877 Egyptus
690 2805 714 2858 in
734 2805 878 2858 libertatem
898 2805 1024 2875 pristinam
1046 2805 1168 2870 restituta,
1191 2803 1238 2856 suis
1260 2816 1345 2858 utatur
1364 2805 1470 2875 legibus.
1497 2809 1579 2876 Lega-

550 2887 618 2937 tione
637 2883 732 2949 audita,
757 2899 880 2954 quantum
902 2885 1053 2954 Respublica
1076 2885 1215 2938 Christiana
1242 2885 1420 2937 detrimentum
1445 2897 1579 2956 acceptura

550 2963 619 3028 esset,
641 2981 671 3014 ex
686 2962 786 3016 interitu
802 2975 928 3016 tantorum
942 2965 965 3014 δι
978 2975 1018 3016 tot
1032 2964 1152 3029 virorum,
1171 2964 1230 3016 item
1244 2963 1310 3034 ipsu,
1323 2965 1409 3031 quein
1423 2963 1494 3034 Syria
1508 2963 1579 3032 posl'r-

549 3045 674 3096 debantur
685 3061 700 3094 a
713 3041 835 3106 fidelibus,
849 3043 873 3093 in
886 3055 1001 3111 apertum
1016 3043 1120 3096 exitium
1136 3043 1192 3096 ferri
1202 3045 1393 3114 perspiciebant.
1410 3044 1530 3098 Tandem
1541 3042 1579 3095 bis

549 3123 735 3176 conditionibus
755 3139 842 3191 pacem
863 3123 886 3174 se
899 3122 961 3174 velle
974 3123 1134 3191 respondent,
1158 3124 1365 3177 srsacrosanilam
1379 3141 1488 3188 crucem,
1501 3138 1577 3192 quam

550 3203 714 3256 salahadinus
734 3200 906 3270 intercepisset,
928 3202 1014 3254 nostris
1028 3204 1182 3268 redderetur,
1196 3203 1213 3256 sr
1228 3205 1352 3258 exercitus
1367 3203 1579 3274 deportaretur&

549 3283 630 3334 illesus
651 3281 675 3332 in
696 3291 778 3333 tutum
792 3280 966 3346 collocaretur,
988 3282 1112 3348 additum,
1136 3283 1249 3336 additum
1271 3283 1403 3352 presidium
1418 3281 1507 3335 Titani
1531 3281 1579 3334 sive

550 3362 632 3415 Tanis
645 3360 713 3413 urbis
726 3360 751 3411 in
762 3361 882 3428 poteslate
896 3361 998 3413 Soldani
1009 3361 1071 3426 sore,
1092 3362 1133 3414 ille
1147 3363 1293 3416 Damiatam
1309 3377 1393 3432 petere
1405 3361 1478 3431 cepit.
1501 3361 1578 3414 Tunc

549 3443 725 3506 exclamatum,
738 3440 844 3509 prellare
858 3441 920 3492 mori
934 3441 1030 3506 millies,
1041 3459 1118 3511 quam
1129 3442 1177 3494 hoc
1191 3443 1315 3512 flagitium
1328 3442 1470 3507 admittere,
1483 3442 1579 3511 gravia,

549 3522 612 3573 dura
625 3538 656 3574 ac
669 3521 753 3590 alpem
766 3521 811 3573 hec
822 3521 945 3591 postulata
955 3520 1013 3574 esse.
1028 3521 1149 3573 soldanus
1159 3522 1333 3575 deliberationi
1344 3533 1443 3592 tempus
1453 3522 1578 3575 concedit.

550 3604 639 3670 Itaque
656 3602 736 3670 prima
756 3602 833 3655 nociis
848 3603 996 3672 insequentis
1009 3602 1102 3672 vigilia,
1124 3603 1213 3656 tessera
1235 3604 1304 3655 data.
1328 3604 1473 3656 Damiatam
1487 3604 1580 3666 versus,

549 3695 618 3734 totus
631 3682 753 3734 exercitus
765 3683 893 3747 contendi,
914 3700 944 3735 ac
957 3702 971 3734 e
984 3682 1037 3735 luto
1050 3683 1186 3752 illuvieque
1199 3701 1328 3753 emergere
1342 3695 1430 3736 tentat.
1445 3683 1579 3750 Germani,

549 3779 599 3830 que
612 3761 789 3831 superaquam
806 3764 936 3827 extabant,
958 3763 1129 3829 incendentes,
1141 3763 1287 3831 sequuntur,
1299 3780 1396 3831 queres
1409 3763 1471 3814 hosti
1485 3764 1579 3816 nostro·

550 3859 604 3894 rum
618 3841 705 3910 lugam
718 3841 845 3909 patefecit.
860 3843 999 3894 Obllruclis
1011 3842 1087 3911 igitur
1100 3841 1195 3894 viarum
1210 3841 1329 3907 aditibus,
1343 3859 1402 3894 cum
1415 3842 1485 3911 aquis
1499 3843 1579 3895 exitus

550 3931 692 3988 negaretur,
707 3919 904 3990 restagnantibus
916 3921 955 3986 iis,
968 3939 1059 3990 magna
1072 3941 1101 3974 ea
1111 3923 1184 3975 nuile
1198 3923 1336 3975 nostorum
1350 3921 1422 3991 periit
1435 3921 1580 3973 multitudo.

550 4004 635 4055 Duces
650 4000 726 4069 igitur
745 4017 802 4053 cum
822 4002 958 4071 periculum
977 4002 1112 4054 increscere
1129 4002 1250 4069 viderent,
1273 4003 1338 4056 acies
1352 4003 1376 4056 in
1390 4003 1501 4072 quodam
1516 4002 1580 4056 colle

550 4079 686 4146 collocant,
707 4097 782 4149 quern
799 4081 823 4132 δι
837 4081 852 4132 sr
871 4099 937 4151 aqua
949 4081 1124 4146 inundaverat,
1136 4091 1220 4133 tamen
1234 4081 1331 4134 tenuius
1345 4099 1422 4151 quam
1437 4095 1520 4134 cetera
1532 4081 1579 4133 ob·

550 4160 650 4223 tectum,
671 4174 867 4229 occupaverant,
886 4161 920 4213 ibi
939 4163 1072 4230 expeslato
1093 4160 1151 4226 sole,
1172 4161 1301 4215 consilium
1320 4179 1349 4213 ex
1363 4174 1452 4215 eventu
1467 4173 1580 4231 captant.

552 4239 697 4292 Meledinus
710 4253 803 4306 autem,
825 4253 882 4294 ortu
906 4242 965 4306 sole,
985 4241 1071 4294 videns
1086 4241 1180 4294 nostros
1202 4259 1233 4292 eo
1245 4241 1369 4305 redactos,
1390 4241 1457 4294 unde
1470 4241 1511 4295 nisi
1526 4259 1579 4295 ma·

550 4319 617 4371 xima
629 4319 700 4374 clade
724 4321 819 4391 regredi
839 4339 889 4375 non
903 4320 1008 4390 possent,
1029 4321 1120 4374 iterum
1133 4321 1165 4374 ad
1175 4337 1290 4391 proceres
1303 4319 1390 4386 mittit,
1413 4323 1456 4392 qui
1477 4321 1579 4376 cundia-
