3726 5628
577 517 588 574 ι
598 515 661 601 74
720 481 967 612 ‘Testimonio
988 481 1030 572 in
1056 479 1277 582 Germania
1287 477 1471 603 scripta.

568 739 825 826 Xatrtenst‚aquo
840 761 898 824 ego
921 762 982 824 que
1004 739 1141 806 dicturus
1159 740 1223 809 sum
1244 739 1357 819 audivi,
1378 737 1481 807 misius
1504 739 1547 810 est
1566 742 1598 808 in

567 830 672 912 ignem
686 844 749 894 tam
764 829 966 894 intolerabilis
980 828 1105 908 ardoris,
1118 844 1152 896 ut
1163 827 1298 898 diceret:
1321 854 1333 888 r
1351 828 1381 891 Si
1400 850 1438 892 ex
1455 829 1598 894 omnibus

570 918 700 980 emundi
719 917 809 1001 lignis
827 939 906 982 unus
918 917 995 1000 ignis
1006 916 1257 996 effeteonfettus,
1271 915 1395 980 mallem
1407 917 1437 982 in
1452 939 1491 980 eo
1506 917 1598 1002 usque

569 1007 630 1073 ‹ad
646 1007 727 1072 diem
739 1005 842 1090 iudicij
856 1005 969 1086 ardere,
979 1026 1073 1088 quam
1088 1027 1142 1088 per
1153 1003 1281 1088 spatium
1297 1006 1387 1070 unius
1410 1006 1486 1068 hore
1510 1006 1598 1072 illum

569 1091 747 1158 «sustinere.
762 1119 774 1152 ›
789 1093 837 1158 Ex
848 1116 911 1179 quo
926 1094 1091 1174 ernastus,
1105 1093 1234 1158 iactatus
1245 1093 1287 1158 est
1302 1095 1331 1158 in
1348 1093 1451 1158 locum
1467 1110 1530 1158 tam
1544 1096 1598 1159 fri·
1685 1152 1689 1160 .

566 1181 760 1264 gidissimum,
774 1199 808 1246 ut
822 1199 941 1266 optaret
956 1183 1055 1246 redite
1071 1182 1102 1246 in
1119 1184 1230 1266 ignem.
1245 1182 1370 1246 Deinde
1395 1183 1544 1252 dedudius
1558 1185 1600 1248 est

568 1270 599 1332 in
611 1270 748 1338 tenebras
771 1271 948 1354 palpabiles,
963 1271 1100 1356 tantique
1115 1271 1261 1350 horroris,
1275 1287 1309 1335 ut
1323 1271 1440 1335 diceret
1457 1273 1534 1338 intra
1548 1272 1576 1334 se
1591 1294 1599 1334 :

570 1358 624 1422 «Si
639 1357 801 1424 servivisses
815 1376 940 1424 centum
955 1361 1042 1423 annis
1051 1359 1134 1440 Deo,
1145 1360 1222 1423 bene
1234 1377 1264 1424 te
1275 1357 1500 1439 remunerasset,
1511 1362 1600 1424 dum·

570 1447 688 1510 «modo
700 1446 806 1512 liceret
817 1449 872 1512 tibi
885 1449 982 1512 redire
992 1449 1029 1511 ad
1042 1449 1143 1531 frigus.
1158 1474 1170 1508 ›
1184 1445 1220 1512 In
1233 1449 1315 1512 hunc
1324 1449 1452 1516 modum
1466 1448 1516 1513 sex
1530 1449 1601 1514 teli-

568 1557 643 1619 quas
655 1557 748 1618 penas
767 1558 842 1620 quas
857 1535 1002 1620 scriptura
1016 1553 1174 1601 enumerat
1197 1535 1392 1620 pertransivit
1409 1537 1486 1624 Quo
1499 1540 1529 1600 in
1548 1561 1601 1602 ex-

568 1639 667 1688 trema
680 1647 760 1708 pena
780 1623 889 1708 posito,
903 1625 1062 1690 Dominus
1076 1646 1170 1708 opera
1188 1627 1253 1690 eius
1278 1627 1379 1708 priora
1398 1625 1601 1706 considerans,

568 1712 642 1776 &ut
658 1712 737 1798 passa
750 1713 799 1776 vel
813 1713 872 1776 visa
892 1715 1065 1780 viventibus
1079 1717 1231 1794 recitaret,
1246 1713 1381 1778 misertus
1403 1714 1495 1794 illius,
1509 1737 1601 1799 ange·

568 1798 633 1862 lum
648 1801 732 1864 suum
749 1800 827 1866 misit
838 1803 875 1864 ad
890 1822 973 1881 eum,
994 1803 1046 1886 qui
1062 1802 1201 1866 diceret:
1230 1829 1242 1861 ι
1260 1801 1344 1866 Ecce
1366 1803 1458 1866 talem
1485 1824 1602 1868 merce·

571 1888 667 1952 ‹dem
679 1891 843 1973 recipiunt,
857 1892 909 1974 qui
925 1890 1058 1955 serviunt
1077 1890 1236 1954 diabolo.»
1265 1889 1511 1974 Subiunxitque:
1540 1919 1553 1950 a
1571 1893 1600 1956 Si

570 1978 649 2042 «tibi
665 1978 771 2043 liceret
784 1982 883 2043 redire
897 1982 934 2043 ad
949 1983 1055 2060 vitam,
1068 1981 1163 2045 velles
1185 2003 1242 2063 pro
1259 1981 1392 2064 peccatis
1415 1982 1476 2045 tuis
1490 1980 1602 2048 satisfa-

570 2091 583 2125 ‹
596 2086 667 2129 cere
679 2064 771 2130 Deo?
784 2093 797 2125 ›
813 2067 863 2130 Ad
876 2069 959 2151 quod
971 2068 1099 2132 verbum
1112 2069 1164 2131 ille
1176 2069 1320 2152 suspirans
1330 2068 1484 2151 respondit
1494 2091 1501 2132 :
1513 2068 1602 2136 ‹Do-

569 2177 583 2212 e
595 2155 688 2232 mine,
700 2151 788 2218 sthoc
800 2153 872 2220 esset
882 2155 1029 2237 poffibile,
1036 2155 1155 2220 nullam
1162 2157 1327 2220 abnuerem
1337 2155 1598 2227 satissadtionem.›

568 2239 664 2306 Tunc
678 2244 826 2326 angelus:
853 2245 1022 2308 «Domino
1046 2245 1157 2326 placet,
1178 2261 1212 2310 ut
1232 2247 1269 2309 ad
1290 2265 1403 2327 corpus
1427 2243 1601 2321 redeant&

570 2354 583 2387 ι
598 2330 669 2413 quia
688 2332 718 2396 in
734 2354 827 2398 cruce
842 2333 982 2416 peccasti,
997 2354 1051 2416 per
1065 2354 1190 2398 crucem
1205 2333 1374 2398 satisfacias.
1389 2358 1402 2389 ι
1420 2332 1503 2396 Mox
1517 2331 1546 2396 se
1570 2334 1600 2396 in

569 2419 682 2482 feretro
697 2422 828 2506 erigens,
842 2443 950 2486 omnes
971 2423 1108 2504 exceptis
1128 2422 1248 2486 duobus
1262 2422 1422 2485 iuvenibus
1440 2423 1493 2505 qui
1514 2419 1602 2484 cons-

568 2508 715 2574 tantiores
730 2526 814 2574 erant
824 2511 854 2574 in
870 2511 972 2594 sugam
984 2509 1144 2572 convertit
1161 2508 1286 2595 Quibus
1300 2508 1330 2572 dr
1344 2509 1401 2572 ait:
1418 2536 1431 2567 a
1446 2509 1498 2572 Ne
1510 2509 1600 2572 time-

570 2596 662 2675 «atis,
676 2599 728 2680 qui
743 2620 801 2682 ego
816 2599 914 2664 sum.»
942 2597 1113 2680 Statimque
1127 2596 1315 2662 sacerdotem
1330 2593 1505 2677 accersiens,
1527 2619 1601 2680 pec·

568 2700 636 2753 cata
663 2685 714 2752 sua
737 2685 887 2752 consessus
919 2686 977 2764 ess5
1005 2708 1131 2750 crucem
1154 2684 1290 2769 suscepit,
1313 2686 1343 2750 dr
1370 2707 1442 2749 cum
1472 2685 1599 2750 domino

570 2772 693 2840 Ortona
706 2775 850 2858 episcopo
875 2775 1002 2858 predidti
1030 2774 1222 2840 Theoderici
1244 2773 1408 2838 successore
1425 2776 1601 2839 transfreta·

569 2862 622 2924 vit.
637 2857 672 2924 In
694 2863 744 2928 via
768 2861 889 2948 singulis
913 2863 1020 2928 diebus
1039 2863 1168 2946 inpane
1189 2863 1311 2946 &aqua
1332 2863 1496 2940 ieiunavit,
1517 2864 1601 2928 iuxta

569 2971 684 3032 equum
699 2952 784 3014 suum
800 2955 831 3014 in
852 2974 915 3036 quo
937 2951 1032 3015 vestes
1046 2951 1112 3014 eius
1133 2949 1163 3013 dr
1182 2971 1267 3014 arma
1282 2950 1493 3032 portabantur,
1510 2952 1599 3016 nudis

570 3039 697 3121 pedibus
711 3041 856 3105 cucurrit.
872 3040 999 3104 Etcum
1014 3040 1107 3123 petris
1121 3038 1291 3102 secantibus
1312 3038 1430 3122 sanguis
1446 3039 1600 3123 profluens

568 3127 650 3188 viam
664 3145 846 3208 cruentaret,
860 3129 927 3192 satis
942 3127 1173 3191 aconsratribus
1187 3127 1378 3210 arguebatur.
1401 3124 1528 3213 Quibus
1542 3126 1600 3192 res·

569 3215 700 3296 pondit:
717 3244 730 3278 ‹
750 3218 875 3282 Maiora
892 3219 1004 3281 horum
1030 3215 1188 3280 sustinui.»
1214 3213 1281 3302 Qui
1305 3236 1376 3279 cum
1402 3235 1480 3298 pene
1496 3216 1601 3282 omnia

569 3300 620 3364 sua
633 3301 663 3366 in
680 3303 793 3368 Christi
805 3305 924 3368 servitio
947 3302 1145 3388 expendisset,
1159 3326 1232 3367 cum
1247 3305 1386 3388 predisio
1410 3304 1555 3388 episcopo
1570 3302 1600 3366 dr

569 3392 709 3475 magistro
729 3391 867 3458 Iohanne
881 3395 1001 3457 rediens
1016 3413 1099 3456 mare
1114 3389 1258 3456 transivit.
1284 3392 1335 3456 De
1354 3415 1503 3478 quocum
1524 3413 1736 3480 nau-11‚p,335

569 3480 633 3545 lum
648 3483 815 3564 requireret
828 3503 886 3544 nec
900 3482 1034 3560 haberet,
1048 3483 1104 3544 ait:
1121 3505 1134 3538 ι
1153 3478 1221 3564 Ego
1236 3481 1324 3544 vobis
1339 3480 1464 3544 serviam
1481 3480 1600 3563 quoad·

571 3569 690 3652 rusque
701 3571 869 3635 volueritis.
887 3595 899 3627 r
914 3569 964 3632 Ad
981 3570 1162 3652 petitionem
1177 3585 1278 3632 tamen
1294 3569 1502 3651 predictorum
1517 3569 1600 3630 viro·

569 3679 637 3722 rum
656 3656 791 3723 dimissus
813 3659 855 3721 est
877 3679 895 3722 a
917 3658 1073 3722 nauclero.
1096 3655 1165 3743 Qui
1187 3677 1259 3719 cum
1282 3658 1417 3721 reversus
1441 3655 1539 3720 suiss'et
1561 3655 1598 3718 ad

570 3767 697 3813 uxorem
718 3746 810 3828 suam,
830 3745 912 3810 sacro
935 3747 1005 3830 igne
1024 3745 1122 3810 radius
1146 3743 1197 3808 est.
1234 3745 1293 3812 Cui
1320 3746 1439 3810 ardenti
1467 3745 1598 3830 quadam

569 3837 661 3900 noete
677 3837 707 3900 in
722 3835 835 3900 somnis
850 3835 967 3898 dietum
981 3835 1033 3910 ess,
1047 3837 1119 3918 quia
1134 3832 1155 3896 st
1170 3836 1207 3897 ad
1231 3831 1390 3899 ecclesiam
1413 3833 1506 3898 sandti
1531 3833 1600 3918 Ny·

570 3925 670 3992 cholai
685 3925 853 4005 accederet,
867 3923 965 3988 statim
986 3921 1219 3987 convalesceret
1239 3921 1302 3985 Ubi
1318 3924 1391 3986 dum
1413 3943 1504 3986 orans
1525 3943 1600 4008 qua·

571 4015 741 4080 tuordecim
752 4015 907 4080 orationes
922 4009 1040 4077 dixisset
1055 4034 1113 4077 nec
1127 4010 1335 4089 convaluisset,
1352 4010 1525 4093 desperatus
1536 4013 1599 4076 ait:

573 4132 585 4165 a
597 4103 706 4168 Sandte
714 4103 747 4168 N
749 4103 887 4188 ycholae,
896 4103 969 4188 quid
982 4100 1154 4165 morarius»
1170 4099 1251 4166 Mox
1260 4100 1600 4184 utquintamdecimam

571 4194 742 4260 orationem
757 4193 881 4278 incepit,
896 4191 1027 4274 porsessa
1043 4190 1200 4254 convaluit
1209 4217 1220 4268 3
1234 4187 1264 4254 ἃ
1277 4187 1319 4253 est
1331 4188 1423 4272 usque
1436 4187 1529 4254 hodie
1546 4211 1601 4254 co·
