3656 5648
502 547 570 640 ῃ.
606 515 774 610 Samuel
796 519 1027 648 Ampzingr
1219 553 1274 644 43

248 800 356 852 quorum
381 781 503 837 memoria
518 783 662 853 dignillima
678 781 812 836 iudicanda
833 783 899 849 sunt,
917 783 1013 836 obsidio
1029 783 1196 840 Damietae&
1212 787 1283 840 urbis

249 864 344 916 nollrae.
358 865 424 917 Cum
436 863 577 916 Fridericus
586 863 724 934 imperator
733 881 854 932 magnum
864 863 1000 918 exercitum
1009 863 1034 916 δι
1044 863 1172 933 ingentem
1182 865 1282 936 copiam

248 941 353 994 fortium
365 943 470 996 militum
480 941 627 1013 collegiffet,
644 961 729 997 comer
738 943 878 998 Florentius
887 943 1030 997 Hollandiae
1039 943 1202 1014 perplurimae
1218 958 1283 998 terra

251 1021 363 1076 Harlemi
376 1033 445 1076 ortos
457 1011 541 1078 lecum
554 1024 579 1075 in
592 1035 683 1077 terram
701 1023 847 1076 Turturum
864 1023 944 1088 duxit,
966 1024 1009 1093 qui
1026 1023 1140 1077 alacriter
1159 1025 1192 1078 iili
1211 1043 1282 1078 exer-

249 1101 308 1154 citui
323 1101 347 1154 se
361 1103 543 1156 coniunxerunt
557 1105 581 1156 dt
596 1104 620 1156 in
634 1102 792 1158 Palaestinam
807 1103 910 1174 profesti
924 1103 987 1156 lunt.
1003 1104 1087 1170 Unde,
1097 1107 1171 1157 rebus
1181 1105 1283 1175 egregie

249 1183 273 1234 δι
292 1183 356 1235 bene
371 1183 454 1252 gestia,
471 1183 617 1238 Damiatam
634 1183 793 1252 appulerunt,
808 1200 866 1252 quar
882 1183 941 1236 urba
962 1183 1092 1236 natura&
1110 1195 1164 1236 arte
1186 1185 1282 1254 optime

249 1263 345 1315 munita
357 1263 480 1316 meritive
492 1263 542 1316 Nili
556 1263 615 1334 ripae
628 1262 773 1330 adiacebat5
786 1281 845 1316 narn
861 1263 886 1315 in
900 1262 964 1316 ostio
975 1261 1025 1316 Nili
1042 1263 1075 1315 ad
1093 1263 1158 1333 ripae
1172 1264 1282 1317 fluminis

248 1343 306 1396 dure
317 1354 397 1396 turrea
407 1345 496 1397 erediae
507 1355 588 1410 erant,
599 1343 690 1414 quibua
704 1341 815 1396 acceffus
826 1342 1020 1408 defendebatur,
1028 1354 1105 1412 atque
1114 1343 1172 1397 inde
1185 1357 1281 1399 catenae

247 1420 333 1495 ferreae
350 1439 417 1492 aqua
438 1423 570 1478 submersae
587 1422 810 1493 protendebatur,
827 1435 855 1475 ut
870 1423 936 1474 cirea
954 1433 1144 1491 protegerentur
1162 1423 1281 1477 &hostes

246 1501 437 1556 deterrerentur.
467 1507 608 1574 Imperator
626 1501 769 1571 praeclarus,
786 1501 813 1554 in
833 1502 962 1554 obfidione
981 1501 1109 1556 Damietae
1126 1503 1281 1571 constitutus,

187 1619 189 1626 ,
247 1581 296 1632 iam
313 1599 372 1634 cunr
384 1583 504 1636 omnibus
519 1582 663 1660 consiliariia
675 1582 724 1634 suis
741 1593 903 1647 convenerat,
923 1594 950 1634 ut
967 1581 1089 1634 exercitus
1107 1580 1281 1650 dimitteretur,

246 1661 271 1713 de
284 1662 309 1714 in
321 1662 372 1714 tale
384 1663 493 1716 dedecus
512 1660 659 1728 incurrili'et,
675 1662 717 1714 nili
733 1663 823 1716 militer
836 1662 911 1714 noliri
924 1662 1019 1714 mundo
1036 1661 1204 1727 ostendiffent‚
1223 1681 1281 1732 quae

247 1739 329 1793 valent
341 1741 472 1806 fortitudo,
483 1742 621 1812 ingenium,
634 1741 805 1812 intelligentia,
814 1743 839 1796 δι
849 1741 923 1808 ratio,
935 1759 992 1811 quae
1001 1741 1086 1794 valent
1097 1741 1183 1794 heroes
1193 1741 1281 1810 gloriae

148 1843 172 1886 p.
188 1837 233 1886 ¹⁵0
246 1821 341 1890 cupidi.
359 1822 394 1874 Hi
407 1823 474 1875 enim
490 1823 579 1876 serram
594 1841 625 1875 ex
638 1820 746 1893 chalybe
759 1824 824 1875 bene
835 1823 927 1874 dumto
944 1821 1086 1874 confecianr
1103 1820 1195 1874 catium
1208 1823 1281 1875 unius

246 1900 346 1953 narium
360 1901 458 1955 suarum
470 1913 524 1954 crte
541 1901 684 1954 suffixerunt
698 1903 722 1952 lc
735 1899 826 1954 deinde
844 1917 929 1954 coram
945 1899 1020 1953 claffe
1036 1913 1090 1952 tota
1107 1910 1184 1952 uento
1197 1899 1281 1952 valido

248 1980 354 2050 propulsu
368 1979 391 2033 ui
404 1981 544 2034 carinarum
561 1981 630 2034 serris
647 1980 757 2033 dentatis
777 1991 930 2034 armatarum
952 1992 1055 2033 catenas
1077 1979 1209 2047 sciderunt,
1229 1997 1281 2049 quo

247 2058 353 2128 impulsu
366 2059 482 2129 usquead
492 2061 572 2130 ripam
582 2059 691 2114 fluminis
701 2059 811 2130 provebii
822 2060 886 2112 sunt.
907 2057 1029 2112 Victoria!
1048 2058 1171 2112 exercitus
1184 2057 1213 2110 iia
1226 2058 1281 2111 suc·

247 2137 323 2205 cedit,
343 2156 431 2193 omnes
448 2139 553 2210 veffigin
575 2157 664 2194 eorum
685 2141 832 2209 sequuntur,
856 2139 937 2192 Turci
956 2138 1054 2192 fortiter
1066 2138 1138 2208 petiti
1153 2139 1177 2190 in
1192 2137 1280 2208 fugam

246 2229 388 2286 uertuntur3
410 2219 575 2290 profligantur
598 2237 641 2274 eos
661 2231 720 2274 ante
736 2220 810 2286 valla,
836 2219 978 2274 invadimus
999 2220 1097 2284 urbem,
1121 2217 1192 2271 cuius
1213 2218 1280 2270 cives

245 2297 293 2350 hac
304 2297 441 2352 inctulione
455 2300 579 2369 perterriti
591 2300 702 2353 animum
713 2299 870 2366 dimiserunt,
892 2299 1012 2352 nostratea
1033 2298 1182 2367 irrumpunt,
1203 2297 1280 2350 uexil-

245 2377 298 2430 lum
315 2378 426 2432 nostrum
448 2378 483 2431 ibi
505 2380 613 2434 eredium
630 2380 665 2433 est
682 2381 706 2432 u
732 2391 800 2432 totur
822 2379 943 2432 exercitur
969 2376 1128 2448 progreditur
1152 2376 1177 2429 in
1203 2377 1243 2430 uia
1264 2394 1279 2429 ι

244 2457 316 2510 nobie
338 2470 434 2528 aperta.
458 2458 589 2512 Nostrates
606 2461 701 2513 honore
718 2457 874 2523 fruebantur,
895 2459 938 2528 qui
961 2459 986 2510 in
1008 2457 1090 2528 primu
1113 2455 1167 2510 acie
1191 2455 1280 2510 consti·

244 2535 292 2588 tuti
312 2535 397 2603 effent,
416 2537 459 2606 qui
481 2539 570 2590 urbem
589 2549 717 2608 caperent,
742 2537 809 2591 uella
831 2538 1009 2590 demolirentur
1030 2539 1054 2590 u
1076 2536 1181 2590 bostium
1198 2537 1279 2606 super·

243 2614 310 2667 biam
323 2615 474 2686 frangerent.
487 2619 545 2670 Hoc
557 2617 669 2670 facinore
682 2635 787 2687 magrro,
805 2618 854 2670 hoc
869 2617 1006 2671 certamine
1022 2628 1074 2670 tam
1092 2616 1190 2669 fortiter
1209 2633 1279 2669 com-

243 2695 313 2749 miffo
325 2697 414 2750 eximia
424 2698 498 2751 laude
510 2700 593 2752 ornati
606 2701 670 2763 sunt,
679 2699 722 2753 sed
732 2700 782 2753 buc
791 2699 976 2768 uccelltt,quod
989 2700 1130 2768 Imperator
1144 2697 1278 2766 preclarus

242 2793 311 2829 arura
327 2778 410 2830 nostra
422 2778 494 2831 novis
514 2777 588 2848 lignia
604 2779 713 2845 ornavit,
729 2792 759 2832 ut
775 2779 894 2832 virtutem
914 2779 1022 2831 nostram
1043 2777 1180 2830 testaretur.
1202 2779 1279 2831 Unde

242 2873 308 2909 nunc
324 2857 446 2910 habemur
467 2857 609 2912 testimonia
628 2877 659 2912 ex
678 2859 772 2912 virtute
791 2869 860 2925 nata,
882 2876 940 2928 quae
959 2858 1048 2928 sapius
1069 2857 1190 2910 eminuitr
1214 2856 1278 2910 testie

242 2937 308 2988 enim
329 2937 363 2989 eli
376 2953 435 2989 area
447 2937 491 2990 ista
504 2937 588 2991 colore
604 2937 727 3007 sanguinis
746 2939 821 3008 picit,
837 2937 911 2992 liellae
929 2938 990 3003 istie,
1016 2954 1124 3006 quarum
1146 2938 1278 3006 quaternio

242 3015 295 3086 ipsa
304 3016 337 3068 est
350 3015 501 3087 symbolum.
516 3017 684 3071 Multitudine
697 3017 819 3072 stellarum
834 3018 985 3088 significatur
995 3017 1085 3083 honor,
1095 3034 1147 3086 quo
1160 3017 1277 3070 uirtutem

241 3095 350 3146 nostram
363 3095 476 3148 illustrari
490 3097 610 3164 decebat,
624 3109 746 3168 quattuor
758 3115 819 3151 vero
834 3115 961 3162 numerus,
973 3114 1053 3166 quum
1069 3097 1162 3166 pagani
1174 3097 1277 3152 orientia

241 3185 330 3244 quater
347 3174 437 3228 virtute
453 3177 536 3229 nostra
553 3177 657 3247 percufli
674 3177 766 3230 luerint
785 3179 810 3230 dt
831 3178 920 3246 quinto
939 3176 1053 3230 omnium
1074 3177 1197 3228 acerrimo
1217 3176 1276 3244 ictu,

240 3271 319 3323 quum
332 3254 447 3323 proelium
460 3257 635 3310 Damiatinum
656 3257 865 3311 committeretur.
888 3259 960 3310 Tum
979 3256 1082 3327 clypeus
1102 3255 1184 3308 noster
1205 3257 1276 3310 novis

240 3333 377 3386 bonoribus
390 3345 493 3387 ornatur
507 3334 562 3400 fluit,
575 3335 667 3389 scilicet
679 3336 765 3406 gladio
778 3347 898 3406 argenteo
912 3353 969 3389 cum
985 3353 1059 3390 curce
1069 3335 1277 3406 supereminente,

240 3413 280 3466 cui
292 3412 515 3468 circumscribimur
538 3414 593 3468 Vim
611 3415 678 3468 vicit
695 3415 791 3469 virm
809 3415 944 3469 Fortitudo
965 3416 1032 3469 enim
1046 3415 1123 3485 fregit
1134 3414 1274 3484 superbiam

240 3492 371 3561 adversari]
384 3495 493 3564 potentia
505 3512 536 3547 ac
547 3495 628 3562 fortia,
642 3495 722 3549 virtue
731 3496 798 3550 enim
807 3495 915 3565 impigra
926 3495 1010 3549 stravit
1023 3495 1186 3548 indictionem
1201 3496 1275 3550 hostia

240 3572 342 3641 eiusque
355 3575 441 3626 robur.
457 3573 557 3646 Clypeo
572 3575 620 3641 isti,
634 3576 731 3646 gladio,
751 3593 825 3630 cruce
837 3577 862 3630 dc
875 3576 947 3630 llellia
959 3577 1090 3641 decorato,
1112 3585 1184 3628 tanto
1196 3575 1275 3646 splen-

240 3652 302 3704 dore
310 3651 434 3706 illustrato
441 3655 521 3724 gloria
531 3655 682 3724 sempiterna
695 3655 746 3708 late
759 3655 922 3720 diffundetur,
938 3672 1019 3724 eaque
1031 3656 1148 3708 arborem
1165 3656 1274 3708 nostram

241 3743 352 3784 veterem
367 3745 516 3802 argenteum
531 3734 629 3802 veffiet3
641 3745 775 3804 utramque
788 3734 871 3804 magia
884 3734 962 3787 etiam
975 3734 1164 3786 honorabimur.
1177 3735 1275 3788 Pariter

240 3811 347 3881 populus
359 3813 444 3867 noster
455 3814 489 3866 ad
501 3814 609 3884 gloriam
623 3817 780 3870 Batauorum
793 3817 818 3870 δι
832 3833 914 3868 rerum
935 3817 969 3868 ab
984 3814 1013 3866 iis
1026 3815 1151 3883 gestarum
1169 3816 1274 3885 poffidet

240 3909 319 3958 arma,
336 3892 435 3959 vexilla,
455 3893 531 3964 spolia
548 3895 661 3960 honesta,
677 3896 770 3966 quibua
788 3895 888 3949 familie
905 3895 1012 3948 civitatis
1029 3895 1118 3948 nostrae
1140 3908 1273 3964 ornantur;

239 3989 306 4025 nunc
320 3972 395 4025 etiarn
408 3973 524 4043 quotidie
536 3976 599 4028 duaa
612 3975 780 4046 campanella
794 3993 808 4028 e
820 3975 882 4028 turri
895 3976 977 4028 nostra
995 3991 1070 4028 voces
1085 3976 1187 4028 edentes
1201 3976 1272 4027 audi-

240 4069 304 4118 mur,
323 4070 381 4122 quae
399 4071 429 4106 ex
448 4072 505 4108 aere
522 4055 631 4124 pretioso
644 4055 717 4110 fadar
734 4055 847 4109 distindie
860 4056 934 4108 nobit
949 4055 975 4107 in
992 4055 1140 4108 memoriam
1155 4066 1272 4109 revocant

241 4133 409 4202 triumphurn,
426 4151 512 4188 nanta
529 4135 653 4190 Damiata
666 4153 759 4190 nomen
772 4137 866 4190 hubent
879 4135 997 4204 vulgare:
1012 4145 1109 4205 parve
1121 4135 1272 4190 Daanaiatinae

241 4211 426 4282 (Damiaetjee).
