3656 5648
538 1253 986 1362 resrtnoum
1049 1178 1052 1183 ⁵

235 1469 273 1556 's
299 1489 568 1582 cnuoepcrr
596 1489 671 1578 re<
693 1486 914 1576 macerer
940 1485 1274 1576 perrumpet

562 1668 722 1720 SCRIPTIS
749 1665 954 1718 EXCERPTA

689 1833 826 1910 *3*

478 2087 531 2164 35.
559 2085 746 2139 nocemus
771 2084 821 2136 oe
847 2080 1038 2154 uovsoeu,

531 2267 729 2334 Contionatus
746 2265 785 2332 ad
802 2287 867 2331 ann.
891 2277 991 2357 1223.

489 2456 554 2526 [ch.
572 2458 615 2509 des
632 2456 682 2524 hist.
702 2460 734 2509 de
747 2456 775 2508 Ia
792 2457 894 2522 France,
911 2455 1017 2526 xum]

748 2589 766 2630 ss

145 2771 169 2816 t·
183 2757 227 2818 185
282 2751 442 2830 Ranulfus,
458 2773 561 2813 cotnes
577 2749 704 2828 Cestrie,
718 2748 748 2810 δι
761 2747 953 2826 Willelmus,
966 2769 1070 2810 comes
1085 2749 1123 2811 de
1139 2748 1271 2830 Ferrers,
1288 2778 1348 2825 1218

244 2840 272 2902 dr
287 2836 450 2919 lohannes,
464 2838 700 2901 constabularius
716 2836 843 2916 Cestrie,
857 2859 927 2898 curn
943 2835 1046 2900 multis
1066 2836 1132 2901 aliis
1147 2859 1271 2922 magna-

244 2929 322 2992 tibus
356 2928 469 3011 Anglie
497 2948 587 2990 cruce
612 2924 743 3010 signatis,
765 2927 1039 3008 peregrinationem
1062 2925 1144 2988 suam
1172 2927 1270 2990 versus

242 3017 376 3079 Terram
391 3017 522 3078 sanstam
537 3015 738 3098 arripuerunt.

312 3139 371 3208 [We
382 3139 497 3211 sequitur
510 3141 619 3211 Epistola
641 3141 789 3210 principum,
808 3157 860 3208 que
876 3139 955 3208 exstat
966 3139 992 3190 in
1008 3141 1131 3205 Martem,
1151 3139 1271 3210 Ampliss.

242 3217 362 3286 colleffio,
375 3223 409 3285 V,
424 3224 508 3287 1479.]

148 3375 169 3420 p.
184 3358 228 3405 18⁶
283 3345 376 3408 Anno
388 3343 581 3412 MCCXXI.
597 3347 691 3428 Apud
705 3345 882 3410 Damietam
895 3345 1046 3430 peregrini
1059 3343 1171 3408 Christi
1184 3367 1271 3409 com-
1287 3379 1343 3415 1221

243 3451 404 3514 morantes,
432 3435 480 3498 sed
509 3438 609 3499 minus
639 3433 760 3500 Christo
785 3434 960 3512 servientes,
984 3432 1180 3516 despicabiles
1204 3435 1271 3499 sunt

243 3519 352 3602 effecti,
366 3523 447 3607 quia,
461 3527 498 3587 ad
514 3523 657 3588 sinistram
679 3547 697 3587 a
720 3525 845 3586 dextera
867 3523 1064 3602 declinantes,
1085 3522 1176 3586 nimis
1198 3524 1269 3587 fasti

244 3611 309 3672 sunt
323 3610 407 3691 viles,
422 3613 561 3676 iterando
576 3617 638 3676 vias
654 3611 774 3676 illicitas
789 3611 819 3674 dc
833 3613 932 3674 carnis
953 3633 1059 3674 curam
1079 3610 1269 3696 perficientes

242 3698 273 3759 in
289 3695 451 3764 desideriis.
467 3703 559 3766 Unde
576 3703 696 3765 illorum
712 3702 827 3764 meritis
842 3701 1043 3784 exigentibus,
1057 3700 1156 3762 versus
1177 3699 1220 3762 est
1238 3702 1269 3763 in

242 3786 359 3849 lustum
372 3790 485 3854 chorus
501 3791 640 3854 illorum:
655 3812 737 3869 nam,
752 3806 868 3852 mutata
883 3789 1006 3852 dextera
1020 3787 1148 3869 Excelsr,
1162 3790 1268 3854 civitas

149 3903 169 3948 p·
183 3883 228 3944 187
241 3877 377 3940 nefandis
400 3879 508 3942 tradita
521 3879 563 3942 est
581 3879 750 3942 Sarracenis
774 3877 894 3940 circiter
919 3877 1025 3939 festum
1046 3875 1267 3961 Assumptionis
1282 3909 1341 3966 nug.
1358 3921 1391 3968 ¹5·

241 3963 276 4027 B.
292 3964 405 4030 Marie.
420 3967 477 4032 Sed
494 3991 555 4031 non
571 3969 695 4032 modico
711 3968 836 4030 recreati
853 3965 919 4028 sunt
934 3964 1050 4046 solatio,
1065 3966 1139 4028 dum
1154 3967 1269 4031 iadtura

241 4053 293 4116 illa
318 4055 562 4139 recompensatur
584 4057 733 4120 salutifere
756 4057 855 4120 crucis
881 4055 964 4140 ligno
989 4059 1032 4120 eis
1056 4057 1177 4121 reddito
1196 4078 1267 4119 cum

240 4143 384 4206 universus
403 4147 541 4228 captivis,
555 4146 771 4231 cuiuscumque
786 4146 972 4210 conditionis
987 4146 1163 4227 exstiterint,
1178 4145 1267 4210 liber·

241 4233 294 4296 tati
309 4233 503 4300 redditis.....
