3656 5648
545 503 598 628 36
714 489 952 633 Testimonio
983 503 1024 594 in
1056 499 1206 634 Belgio
1227 501 1408 630 scripto.

538 765 706 828 traheretur
722 766 752 827 in
767 764 895 846 longum
910 761 1036 842 obsidio,
1052 779 1176 845 portum
1190 763 1273 826 urbis
1289 763 1448 826 transversa
1462 780 1570 828 catena

539 856 634 917 ferrea
657 855 734 915 inter
756 854 830 916 duas
844 851 959 914 validas
980 868 1075 915 turres
1095 853 1259 931 munitum,
1284 873 1344 913 una
1362 867 1454 935 atque
1476 851 1572 915 altera

539 943 679 1020 holcade‚
703 958 833 1024 quarum
854 939 1014 1004 carinas&
1030 961 1134 1023 proras
1156 940 1235 1004 serra
1256 941 1286 1002 in
1309 957 1449 1004 crenatos
1464 943 1572 1005 dentes

539 1031 644 1093 limata
657 1031 880 1109 obmunierant,
903 1030 1060 1092 Herlemei
1081 1031 1133 1112 qui
1149 1031 1180 1090 in
1195 1049 1231 1090 ea
1247 1029 1444 1111 expeditione
1459 1027 1573 1092 milita-

541 1122 625 1198 bant,
650 1119 807 1182 observato
829 1134 921 1180 vento
944 1118 1076 1180 secundo
1098 1133 1189 1200 atque
1214 1131 1390 1200 opportuno
1415 1118 1574 1198 invadunt,

541 1208 675 1271 diffracta
696 1223 802 1290 catena
823 1207 1001 1271 interiorem
1023 1207 1054 1268 in
1076 1203 1173 1268 smum
1196 1222 1354 1288 penetrant
1368 1203 1470 1290 sicque
1485 1222 1570 1289 pate-

541 1298 621 1359 sasto
649 1312 738 1379 portu
769 1295 849 1358 classt
869 1295 1028 1358 christiane
1049 1295 1093 1358 rei
1120 1296 1198 1358 bene
1222 1294 1355 1378 gerende
1379 1293 1571 1359 occaslonem

542 1401 832 1469 aperueruntcapta
843 1380 1006 1468 deditaque
1017 1385 1091 1448 urbe
1100 1383 1294 1446 munitiffima
1303 1381 1570 1468 copiosrslimaque.
1648 1429 1650 1432 -

582 1475 680 1539 Cuius
696 1473 738 1535 rei
757 1474 905 1535 memorie
927 1473 1108 1556 sempiterne
1123 1473 1292 1535 institutum
1306 1494 1376 1535 reor
1391 1494 1572 1557 moremque

542 1585 596 1647 per
611 1583 719 1624 manus
741 1563 770 1622 in
792 1562 873 1622 hunc
892 1561 983 1645 usque
1001 1563 1083 1624 diem
1098 1562 1241 1624 traditum
1257 1562 1393 1624 observat
1408 1560 1573 1624 Harlemea

542 1653 647 1735 pubes,
662 1667 695 1711 ut
717 1650 784 1714 Cal.
799 1647 947 1713 Ianuariis
963 1661 1033 1734 (que
1048 1672 1086 1712 an
1106 1650 1228 1712 huiusce
1249 1649 1466 1734 strategematis
1487 1649 1575 1714 testes

543 1739 671 1816 suerint,
698 1738 778 1802 clam
806 1759 855 1800 me
883 1737 935 1812 est)
965 1739 1118 1802 naviculas
1143 1737 1258 1802 serratis
1287 1740 1384 1820 proris
1417 1739 1573 1802 instrud'tas

537 1827 748 1910 imaginesque
769 1827 895 1889 vidiorie
918 1843 1103 1910 argumenta,
1118 1825 1234 1890 bacillis
1255 1827 1383 1905 suffitias,
1400 1827 1428 1888 in
1445 1827 1575 1909 publicis

543 1914 813 1998 supplicationibus
841 1916 1040 1978 circumferat.
1070 1917 1276 1999 Certiorisque
1304 1915 1375 1978 fidei
1404 1917 1575 1979 testimonia

544 2003 696 2087 supersunt
714 2027 751 2066 ex
772 2026 822 2066 erc
843 2003 1009 2068 Corinthio
1029 2003 1231 2067 tintinnabula
1252 2004 1300 2065 seu
1321 2020 1475 2066 aramenta
1497 2004 1578 2084 bina,

544 2115 604 2176 que
626 2094 656 2154 in
676 2093 832 2155 editisstme
855 2093 943 2154 turris
963 2092 1078 2175 fastigio
1099 2092 1232 2175 suspensa
1253 2109 1359 2176 arguto
1382 2093 1492 2156 tinnitu
1518 2091 1577 2156 late

546 2181 744 2264 perstrepunt,
758 2204 776 2243 a
790 2204 822 2244 re
838 2182 1014 2245 Damiatica
1028 2197 1212 2273 nuncupata.

746 2428 802 2501 26.
830 2433 1021 2500 lonnrsrsns
1045 2447 1075 2499 A
1100 2429 1219 2499 anrs
1245 2445 1279 2512 (†
1294 2447 1388 2517 1504),

678 2625 849 2692 Chronicon
868 2621 1028 2713 belgicum
1055 2632 1103 2698 (-
1119 2631 1380 2700 1418),l.xv111‚c.
1397 2649 1441 2688 20.

626 2815 777 2881 [Sweertius,
793 2816 882 2866 Rerum
897 2812 1053 2881 Belgicarum
1065 2811 1177 2877 annales,
1193 2810 1360 2877 Francosurti,
1378 2817 1454 2878 1620,
1464 2811 1501 2882 L]

1061 2952 1079 2992 dt

588 3122 759 3206 Imperator
781 3139 882 3186 autem
905 3121 1088 3206 [Fridericus
1103 3123 1162 3207 I!],
1184 3123 1332 3206 plerisque
1361 3123 1582 3187 munitionibus
1596 3155 1620 3200 p.
1635 3139 1683 3198 ¹⁶9

549 3209 656 3276 cversis
688 3212 867 3275 Damiatam
903 3212 1011 3272 urbem
1033 3209 1155 3295 ¹Egypti
1193 3211 1430 3294 pulcherrimam
1468 3212 1583 3274 circum

550 3301 675 3379 obsedit,
693 3301 729 3363 ad
751 3321 842 3384 quarn
865 3301 1094 3363 subvertendam
1116 3299 1212 3363 multa
1234 3316 1459 3362 tormentorum
1474 3321 1585 3384 genera

550 3389 671 3453 diversis
693 3410 764 3450 curn
792 3389 920 3472 ingeniis
949 3390 1111 3472 adaptavit.
1131 3389 1188 3453 Sed
1210 3390 1271 3452 hoc
1294 3391 1421 3452 minime
1449 3388 1584 3473 profuit:

551 3479 705 3562 presertim
719 3477 832 3540 cum&
847 3479 954 3541 eadem
969 3480 1039 3541 urbs
1050 3478 1190 3541 humanis
1205 3475 1287 3562 quast
1301 3479 1414 3541 vitibus
1429 3477 1486 3540 fuit
1501 3478 1585 3541 inex-

552 3565 722 3651 pugnabilis
737 3565 865 3629 &omni
891 3583 984 3649 parte,
999 3583 1192 3650 preterquam
1215 3571 1251 3630 ad
1275 3584 1404 3650 portant,
1425 3564 1585 3628 inaccessa-

551 3654 635 3718 bilis:
647 3655 684 3716 ab
700 3671 829 3738 utraque
839 3677 913 3717 vero
926 3671 1011 3737 parte
1026 3657 1169 3718 maritimi
1185 3672 1302 3738 portus,
1316 3656 1410 3718 castra
1422 3654 1586 3717 constituta

552 3742 776 3827 prominebant,
799 3765 859 3827 que
880 3745 999 3808 cundlis
1024 3745 1198 3807 introeundi
1214 3744 1331 3807 aditum
1346 3743 1484 3806 securum
1498 3743 1586 3805 navi-

551 3832 693 3915 gantibus
712 3829 911 3916 denegabant.
934 3831 1051 3896 Turres
1069 3833 1183 3894 etenim
1206 3833 1386 3896 alterutrum
1404 3854 1441 3894 ex
1463 3831 1585 3894 adverso

553 3942 625 3984 cum
639 3920 777 3984 vestibus
795 3923 878 3984 eneis
894 3921 1074 3985 &cathenis
1095 3922 1198 3986 ferreis
1219 3922 1318 3986 subter
1340 3942 1451 4007 aquam
1465 3918 1587 3983 latenti·

554 4010 610 4073 bus
630 4010 894 4073 combinabantur.
916 4007 1022 4094 Itaque
1047 4012 1236 4075 civitatenses
1258 4035 1322 4076 non
1344 4010 1485 4075 assultum
1504 4008 1587 4072 urbis

555 4120 612 4161 nec
627 4097 749 4161 hostiles
764 4098 948 4163 incursiones
962 4099 1066 4183 aliquo
1081 4100 1176 4163 modo
1192 4102 1381 4166 verebantur.

595 4185 714 4251 Interea
734 4187 924 4251 Wilhehnus
945 4190 983 4250 de
1004 4189 1180 4269 Hollandia,
1195 4190 1461 4275 secundogenitus
1481 4187 1586 4272 prelati

556 4275 581 4340 F
584 4276 702 4358 lorentij
726 4277 858 4341 Comitis
880 4276 1062 4359 Hollandie,
1082 4299 1152 4341 cum
1175 4278 1420 4342 Harlementibus
1444 4277 1588 4340 consede·
