3716 5628
553 513 647 627 176.
679 507 720 598 S.
746 508 1048 600 Beneventum.
1224 540 1302 631 251

288 768 393 848 nollet,
403 768 452 830 vel
464 767 560 831 forsan
574 791 638 831 non
649 768 782 848 auderet,
797 769 916 852 rogavit
926 784 1027 831 tamen
1043 769 1153 833 devote
1164 771 1312 834 famulum

288 857 409 936 Christi,
433 856 623 939 ut'predidta
644 856 803 940 susciperet
827 878 883 939 pro
904 857 996 919 salute
1020 857 1121 938 ipsius,
1146 858 1312 924 christianis

288 946 470 1029 pauperibus
494 945 543 1008 vel
562 941 694 1008 ecclesiis
717 947 882 1028 erogantia
906 943 972 1028 lpse
994 967 1076 1024 vero,
1100 948 1172 1030 quia
1193 949 1313 1030 pondus

286 1034 422 1117 fugiebat
435 1034 575 1116 pecunie,
589 1033 618 1096 δι
633 1035 663 1096 in
678 1034 780 1098 animo
795 1035 918 1097 Soldani
933 1055 1002 1097 vere
1018 1035 1137 1116 pietatis
1151 1057 1214 1097 non
1229 1036 1313 1098 vide·

289 1124 338 1186 bat
353 1123 496 1202 radicem,
510 1120 682 1186 nullatenus
696 1122 857 1206 acquievit.
873 1123 990 1186 Videns
1005 1123 1107 1201 etiam,
1120 1122 1149 1184 se
1163 1145 1227 1184 non
1242 1147 1313 1205 pro-

286 1211 378 1274 ficere
398 1212 429 1274 in
453 1210 648 1274 conversione
672 1213 770 1295 gentis
795 1209 886 1293 iliius,
909 1232 967 1273 nec
990 1211 1075 1272 suum
1099 1208 1212 1295 assequi
1232 1212 1313 1293 poffe

288 1297 487 1383 propositum,
508 1299 543 1362 ad
564 1316 663 1382 partes
677 1298 824 1378 fidelium,
842 1301 945 1361 divina
959 1297 1144 1362 revelatione
1160 1303 1313 1380 premoni-

67 1395 276 1453 Th·d²C⁰¹³¹¹⁰›
289 1403 346 1465 tuS,
368 1387 522 1450 remeavit.
548 1399 586 1450 Sic
608 1399 694 1468 itaque
715 1399 765 1451 Dei
787 1397 918 1450 ordinante
939 1397 1080 1462 clementia,
1094 1386 1184 1449 sancti
1206 1386 1236 1450 dl
1258 1387 1313 1449 viri

91 1465 170 1529 sum
182 1483 203 1528 Ρ·
216 1477 261 1523 ²47
289 1491 481 1558 promerente
503 1475 623 1554 virtute,
646 1477 835 1531 misericorditer
850 1476 1035 1530 &mirabiliter
1056 1477 1148 1529 fadum
1171 1477 1215 1539 est,
1244 1477 1312 1546 quod

289 1565 378 1619 Christi
398 1565 492 1619 amicus
513 1579 618 1619 mortem
641 1584 686 1636 pro
707 1567 759 1635 ipso
772 1565 866 1620 viribus
883 1566 942 1618 totis
955 1565 1103 1634 exquireret,
1124 1567 1247 1617 &tamen
1260 1565 1315 1616 noi·

289 1645 386 1698 tarenos
399 1645 539 1713 inveniret,
554 1658 588 1705 ut
606 1642 635 1705 δι
657 1645 767 1706 merito
786 1665 848 1704 non
872 1657 987 1704 careret
1008 1642 1103 1722 optati
1120 1642 1267 1725 martyrij,
1285 1640 1315 1704 δι

289 1731 481 1813 infignendus
505 1733 669 1794 servaretur
693 1733 722 1793 in
742 1732 893 1814 posterum
919 1730 1077 1813 privilegio
1096 1729 1245 1811 fingulari.
1266 1730 1316 1793 Sic

290 1821 395 1902 utique
410 1819 523 1882 facium
537 1819 589 1899 est,
604 1835 637 1882 ut
651 1821 727 1902 ignis
743 1820 793 1882 ille
805 1819 925 1882 divinus
937 1819 1036 1880 adhuc
1052 1818 1214 1900 perfectius
1226 1816 1315 1899 ipfius

289 1908 416 1971 estuaret
438 1909 468 1970 in
489 1910 594 1987 corde,
614 1925 647 1971 ut
665 1908 732 1991 post
753 1908 907 1990 potentius
928 1923 1109 1990 evaporaret
1123 1908 1264 1972 incarne.
1282 1909 1315 1972 Ο

289 2019 360 2060 vere
388 1997 509 2058 beatum
537 1998 645 2075 virum,
672 1997 759 2058 cuius
783 2018 866 2074 caro,
894 1993 947 2058 etst
972 1996 1131 2078 tyrannico
1158 1996 1237 2058 ferro
1252 2019 1316 2058 non

288 2085 417 2163 ceditur,
444 2081 534 2146 occist
560 2101 662 2148 tamen
690 2085 772 2168 Agni
795 2081 989 2146 fimilitudine
1010 2106 1073 2144 non
1097 2084 1245 2167 privatur!
1272 2085 1317 2163 Ο,

289 2173 436 2256 inquiam,
453 2193 523 2235 vere
547 2195 582 2236 ac
607 2173 696 2256 plene
716 2175 849 2252 beatum,
863 2174 950 2235 cuius
971 2173 1104 2234 animam
1124 2169 1177 2234 etst
1199 2172 1316 2256 gladius

290 2260 488 2342 persecutoris
522 2283 585 2324 non
619 2260 750 2340 abstulit,
782 2259 914 2343 palmam
951 2277 1051 2324 tamen
1085 2263 1220 2346 martyrij
1252 2282 1315 2323 non

290 2347 405 2413 amistt!

344 2590 418 2663 177.
447 2571 598 2639 Chronico
613 2573 792 2662 pontificum
808 2567 839 2637 ὃ
857 2573 1068 2664 imperatorum
1087 2571 1269 2639 Mantuano

743 2703 787 2764 t—
808 2699 895 2764 ¹274)·

491 2839 588 2908 [Pertz‚
601 2839 707 2891 Manum.
721 2841 814 2904 Germ,
827 2841 879 2904 SS,
894 2840 990 2903 XXIV,
1003 2856 1026 2908 p.
1042 2842 1115 2907 υς]

800 2953 820 2996 *

197 3092 274 3143 ,215
329 3059 430 3122 Huius
444 3059 588 3141 (Honorij
605 3055 662 3132 III)
679 3072 818 3141 tempore
833 3078 885 3119 rex
900 3056 1021 3120 Frantie
1034 3056 1210 3121 Damiatam
1226 3061 1318 3142 cepit,
1333 3095 1391 3142 12¹9

289 3147 330 3209 set
352 3147 443 3229 paulo
464 3148 529 3230 post
546 3149 608 3231 ipse
626 3169 698 3210 cum
720 3168 830 3231 magna
843 3147 1038 3209 multitudine
1056 3145 1317 3210 christianoruma

289 3237 444 3300 Saracenis
456 3238 584 3318 capitur,
598 3239 679 3298 unde
694 3234 871 3298 Damiatam
892 3237 934 3297 eis
950 3235 1077 3297 restituit
1100 3256 1154 3317 pro
1176 3235 1317 3317 redemp-

290 3327 373 3389 tione
388 3326 437 3387 sua
451 3347 522 3388 curn
538 3323 655 3388 infinita
666 3325 804 3408 pecunia.

442 3551 515 3640 178.
542 3553 699 3620 {Acouus
718 3567 769 3618 nu
785 3547 994 3620 VonAcruu
1019 3560 1050 3627 (t
1068 3560 1158 3629 1298),

634 3701 803 3769 Chronicon
823 3702 976 3793 laurense.

540 3875 689 3946 [Muratori
701 3878 739 3928 SS.
756 3877 807 3929 tnt.
822 3875 975 3942 Italicarum,
989 3887 1008 3929 t.
1021 3876 1080 3945 tx.]

801 3989 820 4032 ss

194 4125 275 4187 mt45
330 4103 424 4164 Anno
440 4102 549 4165 deinde
572 4101 740 4166 MCCXX
761 4117 850 4184 capta
868 4102 923 4165 fuit
947 4102 1091 4166 Damiata
1111 4103 1218 4165 civitas
1233 4101 1319 4164 Sara·
1336 4127 1394 4162 1220

290 4213 439 4254 cenorum
466 4192 504 4253 ab
532 4192 667 4254 exercitu
695 4191 936 4271 christianorum,
964 4194 1000 4254 ad
1029 4212 1121 4275 quern
1150 4191 1319 4253 exercitum

293 4278 452 4344 lanuenses
466 4279 566 4364 galeas
580 4303 609 4343 x.
625 4279 778 4343 miserunt.
