3656 5648
490 589 531 682 9.
571 555 693 687 Gesta
726 557 985 688 Ftifiorum..
1197 589 1248 680 17

219 832 314 882 Sondae
328 823 415 880 crois
422 824 524 893 signati,
530 827 635 891 sortiter
648 835 742 896 peccato
750 837 891 897 repugnate,
897 825 1027 896 paramini
1036 829 1114 880 &nos
1119 827 1253 899 sequimini

219 909 247 962 in
263 909 370 960 ‘serram
388 909 512 968 tunnam,
527 907 673 975 Ierusalem,
693 925 744 960 ecce
758 918 825 977 patet
837 925 939 976 regnum
950 908 1075 973 coelorum,
1086 913 1150 978 quael
1161 910 1253 964 maiore

219 987 332 1043 viauia
349 986 421 1056 potiti
434 985 596 1038 intrabitistr
616 991 683 1040 ffunc
695 987 844 1057 festinanter
864 988 1006 1057 equitabant
1014 997 1061 1056 per
1081 993 1145 1042 aira
1159 991 1251 1058 versus

217 1069 335 1123 orientem
346 1084 388 1119 nec
402 1065 508 1136 amplius
520 1067 683 1119 videbantur.

112 1165 136 1209 Ρ·
152 1157 206 1207 ³04
256 1149 367 1214 fresones
381 1166 444 1200 nunc
450 1147 483 1214 se
493 1155 659 1216 paraverunt
671 1149 705 1212 ὅ,
720 1149 828 1202 omnibus
840 1147 907 1201 banis
919 1167 954 1200 αα
967 1149 1132 1216 pffeffionihus
1145 1159 1192 1220 pro
1205 1154 1254 1204 Deo

217 1229 320 1294 calidis,
331 1227 442 1282 celeriter
455 1229 630 1297 expeditionem
648 1228 810 1298 Hierosolyma
817 1229 983 1298 susceperunt.
1005 1235 1058 1298 Qua
1074 1249 1146 1300 quum
1164 1232 1253 1302 venis-

210 1309 281 1377 sent,
294 1310 330 1362 ibi
342 1308 495 1362 invenerunt
505 1309 640 1362 exercitum
648 1317 763 1376 potentem
775 1309 960 1376 christianorum
974 1327 1028 1362 cum
1039 1311 1121 1363 multis
1134 1313 1255 1364 cardina·

219 1391 294 1457 libus,
306 1389 428 1460 episcopis,
440 1387 635 1458 archiepiscopis,
651 1389 758 1458 regibus,
773 1389 884 1454 ducibus,
897 1389 1028 1456 comitibus,
1040 1390 1166 1456 militibus,
1183 1393 1255 1447 beero-

214 1472 299 1530 ¹nibus.
321 1475 429 1539 Quocum
445 1467 557 1522 exercitu
566 1469 739 1539 profeiiisunt
749 1473 786 1522 ad
796 1471 882 1524 urbem
892 1470 1037 1524 Damiatam
1053 1491 1105 1541 quae
1117 1472 1256 1542 christianis

217 1551 411 1622 perniciossime
426 1551 463 1600 ad
475 1549 592 1616 fluvium
604 1549 687 1604 Nilum
695 1549 745 1619 sita
757 1561 828 1618 erest,
847 1552 880 1602 ab
902 1550 1001 1604 Oriente
1016 1553 1171 1605 muniebatur
1189 1556 1257 1608 turri

211 1631 345 1702 sartisrmo
359 1631 450 1697 &scre
463 1626 658 1698 inexpugnabili.
680 1635 763 1696 Quam
778 1629 906 1696 christiani
922 1629 1019 1700 quidem
1028 1631 1108 1697 scalis
1125 1632 1257 1700 ascendere

222 1711 378 1779 conatisunt,
387 1708 438 1776 sed
444 1707 636 1776 paganifialas
650 1709 679 1759 ὅ
687 1725 772 1761 naves
785 1709 839 1776 igni
845 1727 927 1778 graeco
938 1710 1116 1777 combuserunt,
1125 1723 1153 1764 ut
1162 1730 1188 1763 cc
1199 1711 1258 1764 viri

217 1797 299 1862 fortes
311 1791 347 1843 ibi
354 1789 471 1858 perirent,
486 1787 528 1856 qui
538 1798 613 1840 maret
622 1787 728 1841 homines
741 1788 818 1840 Ducis
827 1789 937 1855 dustein,
951 1793 1016 1842 unde
1028 1789 1154 1858 christiani
1165 1808 1258 1859 magna

223 1871 323 1940 tristitia
334 1871 419 1939 offelli
427 1873 497 1939 sunt.
511 1869 669 1936 Cardinales,
681 1887 760 1940 reges,
774 1873 846 1922 duces
860 1869 999 1940 comitesque
1012 1871 1124 1923 &amnes
1133 1869 1260 1938 cltrqiiani
1335 1859 1338 1872 '

223 1952 383 2006 lacrimantm
395 1955 474 2006 Deum
486 1949 557 2020 regni
568 1949 684 2003 calorum
700 1949 853 2003 invocarunt
868 1949 974 2002 verbis:
1000 1971 1010 1998 c
1028 1953 1050 2002 0
1067 1949 1144 2003 dulcis
1158 1951 1260 2003 Domine

224 2033 292 2101 Iesus
304 2033 407 2101 Christe,
426 2032 469 2102 qui
476 2041 523 2100 pro
534 2031 602 2085 nobis
616 2031 687 2098 nasci
704 2032 732 2082 ὅ
747 2029 858 2082 cruciari
876 2029 983 2099 voluisti,
1001 2029 1093 2099 respice
1109 2031 1135 2084 in
1144 2031 1258 2100 populum

226 2113 306 2164 ‘inum
317 2112 434 2179 afflictum
447 2113 476 2163 U
484 2110 601 2179 miserere
613 2112 715 2180 nostrum
721 2118 731 2163 t
744 2112 849 2165 Concede
867 2111 942 2174 nobis,
956 2121 984 2162 ut
997 2111 1142 2178 superemus
1160 2113 1188 2163 ὅ
1197 2111 1260 2164 vin·

224 2207 309 2244 camus
322 2191 395 2260 hales
406 2191 503 2258 nostros,
511 2207 543 2241 ne
557 2189 710 2258 discedamus
722 2189 813 2242 abhinc
825 2207 878 2241 cum
892 2189 983 2242 maiori
993 2191 1117 2258 opprobrio
1134 2193 1163 2243 ὅ
1164 2193 1258 2260 fiamus

224 2271 310 2339 deriso
320 2271 422 2340 hostibus
430 2271 514 2338 neutris
524 2271 549 2323 in
561 2278 690 2325 amenum!
696 2291 707 2320 ι
727 2268 790 2322 Tum
799 2287 863 2322 vero
871 2279 932 2321 tatus
940 2269 1127 2338 chritianorum
1136 2273 1260 2324 exercitus

225 2351 338 2404 ieiunare
360 2352 388 2403 ὅ
399 2368 475 2405 orare
490 2350 563 2420 iusus
580 2352 619 2419 est,
630 2363 659 2405 ut
680 2355 746 2403 Deus
768 2348 902 2404 villariam
919 2350 953 2400 ab
968 2349 1069 2419 lccrflibus
1087 2355 1261 2420 reportandam

225 2433 369 2486 concederet.
387 2433 436 2485 Hoc
449 2434 517 2484 modo
528 2431 655 2497 fecerunt,
672 2442 745 2500 atque
766 2433 833 2484 Deus
854 2428 996 2497 ommipotens
1022 2431 1161 2484 exaudivit
1176 2442 1261 2501 preces

226 2511 331 2576 illorum,
353 2513 381 2563 ὅ
394 2512 504 2580 Frisanes
513 2511 618 2580 sapiens
636 2513 759 2564 dederunt
772 2509 899 2578 confilium,
911 2510 1022 2579 quomodo
1034 2510 1112 2562 turris
1125 2521 1260 2580 caperetur.

229 2591 264 2644 [ἦ
278 2591 344 2644 enim
361 2591 397 2658 vj
411 2609 516 2660 magnas
526 2590 618 2660 planas
630 2602 698 2642 rates
715 2591 900 2656 construxerunt
919 2591 947 2641 ὅ
962 2601 1116 2642 armamenta
1132 2593 1262 2660 compoj'uc-

229 2682 297 2738 runt,
308 2683 358 2724 tum
364 2671 454 2739 subter
463 2669 531 2740 'fiam
543 2680 637 2722 turrem
648 2670 719 2723 ostili
726 2669 785 2736 sunt
794 2669 983 2722 &altitudinem
996 2669 1182 2722 &latitudinem
1192 2668 1265 2738 mensi

229 2751 379 2819 rnetsmunt.
408 2750 558 2818 Quibuscum
576 2749 712 2819 peritcffimi
733 2751 920 2817 christianorum
933 2750 1012 2819 fabri
1032 2749 1138 2818 lignarij
1154 2751 1187 2818 se
1211 2769 1263 2804 con-

231 2830 447 2895 commentia
460 2829 560 2897 slvans
577 2830 695 2898 ingentem
710 2829 817 2898 pcqselii
828 2831 898 2896 sunt,
917 2825 961 2881 ubi
980 2829 1119 2894 maternam,
1134 2841 1264 2900 quantam-
1354 2869 1362 2882 .

230 2929 322 2982 cunque
338 2911 465 2976 volebant,
481 2911 639 2964 invenerunt.
667 2911 716 2964 Huc
732 2910 779 2964 luca
796 2909 827 2977 iij
840 2926 945 2978 magnas
964 2926 1047 2962 naves
1063 2910 1219 2978 edificarunt
1231 2912 1264 2975 m,

231 3009 260 3044 ree
269 2991 479 3061 dirumperentur,
490 2999 663 3060 compegerunt.
678 2993 756 3060 Super
767 2991 815 3042 bas
826 3007 910 3043 naves
920 2989 997 3042 altam
1015 3001 1108 3043 turrem
1121 2989 1189 3042 turri
1198 2990 1266 3043 civi·

232 3072 293 3126 tatis
312 3089 408 3142 aquam
423 3071 496 3139 lignis
515 3072 704 3140 construxerunt
720 3073 748 3123 ὅ
759 3070 880 3140 ascribas
893 3069 972 3139 super
988 3070 1031 3122 lenc
1047 3069 1265 3138 propugnaculum,

232 3152 295 3220 quod
316 3151 399 3204 herbis
421 3161 636 3217 contemnuntur
655 3147 708 3219 igni
719 3167 801 3218 grass
820 3150 998 3213 incenderetur,
1016 3147 1096 3217 ibique
1114 3166 1220 3202 arenam
1242 3151 1270 3202 ὅ

132 3251 155 3296 q.
172 3245 216 3294 305
232 3229 342 3284 lotionem
362 3231 403 3300 (it
416 3231 572 3300 eflurinam)
585 3234 622 3284 ad
633 3233 711 3299 ignem
729 3230 929 3299 exstinguendum
941 3229 1108 3298 congeserunt.
1128 3233 1201 3298 Qud
1217 3242 1267 3283 tam

233 3310 353 3379 ingeniose
365 3314 461 3380 suerat
469 3311 638 3377 fabricatum,
658 3320 686 3363 ut
703 3314 740 3363 ad
756 3309 851 3363 libitum
871 3329 913 3363 xx
928 3308 977 3362 vel
992 3323 1054 3363 scxx
1070 3312 1142 3378 pedes
1165 3309 1269 3363 clevari

234 3391 377 3458 &deprimi
385 3390 465 3460 Μαι.
486 3397 569 3466 Quum
581 3391 659 3460 igitur
671 3391 722 3444 ltaec
733 3391 814 3444 omnia
825 3389 974 3458 consecisent
989 3392 1017 3443 ὅ
1030 3389 1195 3458 paravisent‚
1214 3407 1268 3442 cum

130 3519 133 3524 ,
233 3471 304 3523 navi
308 3471 362 3538 sua
373 3474 411 3524 ad
421 3470 534 3540 oppidum
547 3471 693 3539 vectisunt.
716 3470 794 3524 Cives
808 3487 873 3524 vera
885 3471 934 3523 bac
945 3471 1004 3524 male
1017 3470 1079 3537 visa
1092 3469 1173 3522 valde
1183 3469 1270 3522 mirati

236 3551 264 3601 ὅ
272 3551 404 3620 perterriti
411 3552 483 3619 sunt.
509 3552 619 3620 Frisones
637 3569 691 3604 cum
702 3550 816 3604 navibus
828 3549 884 3618 suis
901 3551 1071 3621 applicuerunt
1079 3552 1163 3620 supra
1176 3560 1270 3602 turrem

234 3631 305 3684 urbis
325 3631 422 3702 easque,
444 3643 472 3685 ut
487 3634 574 3684 cedere
596 3630 724 3701 nequirent
735 3630 787 3697 sed
804 3629 958 3699 consisterent,
976 3631 1114 3684 inanescis
1135 3641 1270 3691 tenuerunt.

235 3711 362 3777 Saraceni,
382 3711 497 3766 certiores
506 3711 584 3781 solli,
598 3714 658 3764 duos
669 3709 787 3778 mersores
801 3713 830 3764 &l
841 3720 965 3766 notatores
978 3712 1126 3781 paieq'ffimos
1144 3710 1269 3778 miserunt,

234 3791 280 3860 qui
289 3795 367 3860 funes
384 3794 412 3844 ὅ
427 3797 551 3859 rudentes,
563 3793 649 3864 quibus
661 3809 744 3846 naves
757 3791 937 3861 alligabantur,
945 3792 1108 3860 succiderent.
1128 3791 1165 3843 Hi
1173 3789 1269 3860 gladiis

234 3871 308 3922 nudis
321 3873 417 3924 armati
430 3873 455 3926 in
466 3877 548 3928 undas
562 3873 708 3942 merserunt,
722 3884 751 3926 ut
761 3869 880 3941 confilium
887 3872 963 3941 suum
975 3883 1160 3943 exequerentur.

270 3955 343 4019 Quod
362 3970 435 4021 quum
454 3972 518 4008 unus
541 3953 665 4022 frisonum
685 3951 910 4022 animadvert'ffet,
924 3952 1040 4022 gladium
1058 3963 1156 4005 acutum
1176 3953 1271 4004 dextra

234 4031 347 4100 arripuit
356 4048 424 4102 aqua
436 4033 562 4102 demersus
576 4043 623 4102 per
643 4032 780 4103 operculum
801 4031 871 4086 incite
889 4036 949 4086 duos
970 4033 1042 4100 tates
1052 4031 1122 4100 solus
1143 4029 1269 4084 interemit.

236 4111 434 4181 Quumpopulus
450 4113 596 4184 christianam
611 4115 654 4168 lcoc
666 4111 775 4181 vidsset,
791 4130 869 4166 amnes
881 4115 960 4166 Deum
973 4129 1054 4181 regem
1070 4111 1186 4164 calorum
1201 4110 1273 4163 exal-

236 4201 361 4244 taverunt
375 4194 402 4244 &
411 4192 596 4261 laudaverunt,
607 4194 651 4263 qui
662 4204 757 4246 mnsam
769 4193 903 4247 ainaim
916 4193 951 4245 eis
962 4191 1100 4258 conceffqsmt,
1112 4202 1140 4244 ut
1150 4189 1198 4244 vir
1203 4189 1272 4257 solus

235 4268 263 4320 in
271 4269 395 4338 profunda
411 4272 490 4326 maris
504 4275 564 4326 duos
576 4273 649 4341 leq‘ies
662 4271 792 4325 trucidare
805 4271 929 4340 volu'set.
952 4272 1025 4325 Nunc
1040 4287 1106 4324 vero
1118 4268 1226 4336 Frisones
1238 4269 1275 4320 ad

233 4353 399 4418 pugnandum
409 4352 500 4422 parati
515 4351 637 4422 castellum
648 4351 836 4420 conscenderunt
847 4351 876 4404 Β
883 4361 969 4406 contro
978 4349 1198 4420 paganossortiter
1204 4359 1274 4418 pra·

342 4468 362 4507 T
1115 4467 1128 4524 ³
