3726 5628
419 561 515 654 105.
553 527 762 654 Coefirrius
784 525 1138 661 Heisterbocenfis.
1215 559 1296 649 177

268 798 313 864 est
325 798 438 864 talibus
449 797 566 884 signari,
580 801 653 884 quia
667 801 697 864 in
713 801 857 885 periculis
872 799 959 885 posrn'
971 817 1115 885 poterunt
1122 804 1300 890 compungi,

269 887 350 954 &de
363 889 471 954 ablatis
493 890 641 972 penitere,
655 911 752 972 eaque
766 889 931 970 restituere,
944 891 975 955 dt
991 888 1012 954 si
1026 913 1089 956 non
1111 915 1215 976 opere,
1228 916 1301 977 pro-

269 983 366 1068 poiito
381 999 484 1048 tamen
498 980 529 1047 dt
542 981 708 1046 voluntate.
725 981 856 1047 Mallem
876 983 992 1068 semper
1006 985 1173 1067 predicare,
1187 986 1218 1050 dt
1232 986 1300 1050 nul-

270 1071 334 1136 lum
357 1069 495 1156 signare:
527 1092 620 1153 quam
645 1073 786 1155 predicto
816 1072 910 1136 modo
938 1071 1054 1156 signare
1082 1074 1178 1139 multa
1205 1077 1301 1140 millia

269 1162 442 1226 hominum.
468 1157 586 1244 «Quid
599 1161 711 1248 prodest
731 1160 842 1240 bomiri,
850 1160 883 1246 ſs
901 1175 985 1225 tantm
1009 1165 1143 1226 mundam
1163 1166 1302 1247 lucrentr,

270 1252 361 1316 anime
374 1272 443 1314 vero
455 1248 707 1336 [neomeniam
718 1249 872 1332 patiatur?
885 1273 898 1308 2
916 1250 1041 1332 (Marc,
1055 1270 1122 1332 vm,
1137 1255 1195 1337 36.)

310 1337 523 1405 Intelleximus
534 1358 633 1421 nuper
643 1337 799 1402 diabolum
811 1337 976 1422 predicasse
985 1361 1118 1420 crucem,
1130 1341 1302 1427 multosque

271 1425 393 1515 signasse
408 1448 500 1490 :cum
514 1443 616 1490 tamen
631 1426 811 1509 impoffibile
826 1425 862 1491 stt
874 1427 963 1491 illum
977 1427 1091 1492 salvari.

312 1518 396 1584 Cum
419 1531 489 1580 aute
511 1537 627 1599 paucos
654 1515 771 1580 menses
798 1515 939 1600 magister
961 1516 1176 1598 Theobaldus,
1198 1537 1304 1584 cantor

272 1607 300 1672 S.
315 1607 460 1691 Stephani
474 1606 505 1670 in
525 1604 703 1688 Moguntia,
718 1605 750 1668 in
765 1604 847 1684 loco,
857 1607 909 1690 qui
925 1606 1037 1670 dicitur
1050 1627 1139 1672 mons
1154 1607 1181 1671 S.
1197 1609 1305 1672 Remi-

293 1696 325 1782 ·j,
338 1717 462 1760 crucem
479 1693 659 1778 predicaret,
674 1709 776 1758 tantus
790 1710 857 1758 erat
871 1694 959 1777 super
974 1717 1045 1756 eum
1061 1695 1090 1758 in
1106 1699 1304 1778 adreventus,

271 1717 348 1850 licut
368 1782 472 1868 postea
486 1781 605 1861 didicit,
618 1804 636 1845 a
650 1781 775 1845 diabolo
800 1785 981 1862 concitatur,
994 1799 1029 1846 ut
1046 1805 1109 1846 non
1132 1783 1229 1868 posset
1250 1809 1305 1850 au-

274 1873 344 1953 diri,
356 1870 387 1937 dt
400 1894 464 1935 non
478 1869 533 1935 nisr
543 1870 641 1933 solum
656 1870 815 1934 hominem
829 1871 974 1956 signaret:
990 1870 1041 1934 die
1055 1871 1190 1956 sequenti
1206 1873 1307 1955 predi-

273 1979 363 2028 cante
387 1983 425 2025 eo
439 1961 471 2024 in
487 1959 642 2038 Luchere,
662 1959 746 2042 cepit
760 1957 901 2024 diabolus
925 1963 956 2022 in
975 1958 1037 2024 fine
1052 1960 1187 2027 stationis
1203 1983 1306 2045 perot

273 2049 430 2118 cuiusdam
443 2045 579 2112 mulieris
593 2047 723 2130 mugire,
736 2047 811 2112 sicut
825 2049 881 2113 bot
895 2071 903 2110 :
918 2071 979 2135 que
993 2071 1064 2113 cum
1083 2049 1215 2115 adducta
1235 2046 1307 2112 esset

275 2141 312 2206 ad
327 2135 555 2223 magistrum&
573 2135 626 2198 ille
644 2136 852 2222 interrogasset
866 2137 1031 2201 demonem
1046 2138 1084 2201 de
1102 2138 1239 2216 nominc,
1253 2157 1308 2202 cur

274 2229 378 2308 etiam,
391 2226 441 2290 vel
456 2226 538 2288 unde
559 2225 687 2304 veniret,
702 2222 742 2288 sic
756 2227 794 2288 de
810 2221 932 2309 singulis
946 2226 1115 2310 respondit:
1125 2254 1139 2285 r
1151 2227 1307 2290 Abrianus

275 2336 417 2381 trecor:
434 2334 494 2399 ego
519 2312 584 2376 sum
606 2315 658 2397 qui
680 2327 709 2376 te
729 2312 796 2377 heri
812 2312 969 2396 impedivi,
991 2336 1031 2377 ne
1056 2312 1153 2399 possen
1174 2314 1308 2400 aliquem

276 2430 291 2464 ι
305 2403 430 2490 signare,
448 2399 554 2466 missus
569 2401 633 2464 sum
649 2401 805 2484 deponere
820 2402 1016 2466 dubietatem.
1031 2429 1044 2461 r
1063 2403 1211 2553 §puccium
1225 2402 1309 2467 enim

275 2489 540 2580 predicaverat&
554 2489 585 2552 in
606 2489 814 2573 predicatione
830 2489 1018 2572 promiserat,
1031 2513 1072 2554 un
1096 2514 1113 2554 e
1135 2490 1237 2573 plures
1252 2492 1309 2553 du-

276 2582 430 2647 bitabant:
442 2595 517 2643 tunc
530 2578 749 2643 Theobatdus:
766 2577 873 2666 «Quia
887 2601 942 2662 per
956 2595 986 2643 te
1000 2580 1077 2659 heri,
1088 2596 1122 2643 ut
1135 2579 1246 2659 asseris,
1252 2580 1309 2642 im·
1346 2597 1349 2604 ·

279 2669 426 2753 «peditus
449 2668 523 2746 smn,
537 2665 674 2750 precipio
690 2665 756 2745 tibi,
770 2687 824 2750 per
842 2665 987 2730 virtutem
1001 2666 1122 2748 Crucis,
1133 2687 1226 2752 quam
1240 2686 1309 2750 pre·

279 2757 384 2836 «dico,
394 2770 429 2819 ut
439 2754 533 2839 ipsam
541 2776 663 2818 mecum
679 2753 848 2837 predicet»
861 2754 892 2818 δι
901 2755 1005 2819 iniecit
1013 2771 1130 2839 partem
1140 2755 1215 2819 stole
1226 2753 1309 2817 collo

279 2867 355 2910 erus.

320 2932 472 3021 Quicum
487 2931 576 2995 valde
593 2932 716 3011 invitus,
734 2933 861 2996 coaetus
883 2948 984 2996 tamen
1010 2932 1145 2997 Crucem
1164 2932 1312 3015 inciperet

281 3021 494 3108 predicare,&
513 3019 666 3085 Scoltetus
688 3019 814 3104 quidam
836 3019 969 3084 eiusdem
993 3020 1076 3100 ville,
1086 3020 1244 3099 accedens,
1256 3041 1311 3102 pro

280 3112 381 3178 anima
396 3111 489 3194 patris
504 3109 557 3183 sui,
571 3129 695 3173 crucem
716 3107 894 3191 suscepisset,
908 3107 961 3172 illa
981 3108 1011 3172 in
1033 3131 1105 3172 eum
1124 3109 1210 3172 irruit
1230 3107 1311 3172 sren-

280 3202 365 3280 dene,
375 3199 565 3264 reclamans:
577 3195 687 3260 «Nihil
700 3197 728 3260 ei
741 3197 889 3280 prodest.»
904 3198 1070 3262 Adiuratus
1078 3211 1180 3261 tamen
1189 3197 1311 3260 terribi-

280 3284 1314 3373 liter,quatenuaeiusdemanimestatumproderetresponditheu,

283 3377 400 3442 «hodie
414 3376 541 3440 liberata
554 3375 632 3439 est.»
650 3375 700 3438 Ad
713 3374 796 3459 quod
812 3375 940 3438 verbum
954 3375 1095 3439 homines
1108 3375 1212 3457 paffim
1225 3395 1314 3438 acce-

282 3467 406 3546 dentes,
441 3466 574 3529 demone
612 3463 787 3548 predicante
823 3463 924 3528 verbis
955 3463 1044 3527 valde
1073 3463 1314 3546 compunctivis,

281 3553 385 3641 signati
400 3557 468 3620 sunt
480 3553 519 3616 de
533 3573 625 3616 manu
638 3551 829 3631 Theobaldi,
841 3551 935 3636 usque
948 3552 985 3615 ad
1001 3551 1204 3636 octingentos.

322 3639 407 3708 lnter
423 3657 526 3708 cetera
534 3639 694 3706 occasione
704 3641 910 3720 numadum
918 3641 1175 3705 verbumdicebat
1185 3663 1192 3704 :
1203 3666 1215 3700 ι
1228 3639 1316 3728 Quia

286 3753 365 3797 «vot
375 3732 517 3796 homines
531 3729 759 3795 misericordem
773 3730 891 3795 habetis
900 3726 1086 3810 Dominum,
1092 3730 1210 3794 idcirco
1220 3728 1316 3793 licen·

286 3835 356 3884 «ter
370 3819 504 3904 peccatis
515 3841 523 3882 :
534 3815 556 3880 fi
566 3841 625 3883 nos
632 3817 784 3901 possemus
792 3817 891 3881 redire
900 3839 954 3900 per
961 3818 1159 3900 penitentiam
1167 3818 1243 3882 ficut
1251 3840 1317 3898 vos,

286 3923 438 4062 {isoio
453 3907 636 4060 lillis?
648 3906 1045 4078 ststttsseitstsist
1056 3907 1318 4060 sitistis&

288 4106 400 4150 evoe.»
414 4084 483 4148 Hec
497 4085 574 4149 mihi
586 4084 625 4148 ab
638 4105 693 4147 ore
709 4081 800 4167 ipsius
807 4082 997 4164 Theobaldi,
1005 4083 1161 4168 quiestvir
1167 4083 1318 4148 litteratus

287 4174 318 4239 dt
334 4173 490 4258 religiosus
505 4173 600 4238 reluta
615 4172 682 4236 sunt
696 4195 703 4235 :
719 4187 753 4236 ut
763 4193 837 4256 ergo
853 4193 890 4236 ex
905 4171 1112 4255 predicatione
1127 4173 1319 4256 predicantes

289 4263 433 4327 meritum
453 4261 595 4345 habeturt,
617 4261 795 4326 innomine
816 4258 893 4342 lesu,
915 4262 946 4324 id
972 4260 1024 4341 cst,
1047 4261 1219 4342 salvatoris,
1243 4261 1320 4324 retia

393 4413 413 4452 τ
1174 4413 1209 4464 ²3
