3716 5628
506 573 601 665 ¹99·
637 531 796 634 Florius
817 532 1017 636 Blondus.
1194 567 1283 667 279

256 805 345 868 urbes
354 804 502 868 Soldanus
510 827 617 869 omnes
626 826 721 888 prope
729 806 963 869 sarracenorum
971 807 1283 890 copiascontraxerat.
1300 828 1355 862 1221

255 895 280 958 F
281 895 348 958 asta
363 911 463 958 tamen
489 895 569 978 apud
595 897 771 960 Damiatam
797 899 968 962 diuturnior
989 922 1075 964 mora
1089 900 1171 964 utilis
1186 901 1234 964 vel
1248 923 1284 965 ea

254 984 372 1046 ratione
386 983 447 1045 visa
457 983 498 1046 est
513 981 606 1063 fuisse,
618 987 699 1067 quod
708 1003 797 1068 capte
812 986 892 1051 illius
900 989 979 1051 sunia
989 989 1103 1053 multos
1111 1012 1148 1052 ex
1157 989 1284 1072 Europa

254 1072 365 1136 milites
394 1072 467 1136 illuc
482 1088 613 1136 traxerat
627 1095 644 1136 a
659 1075 789 1153 Veneta,
804 1074 961 1141 Genuensi
976 1077 1006 1139 δι
1022 1076 1126 1140 Pisana
1146 1078 1283 1142 clastibus

254 1161 480 1244 transportatos.
510 1161 649 1224 Duarum
665 1161 707 1226 est
728 1165 759 1226 in
781 1163 898 1227 hostem
921 1165 957 1228 ad
980 1166 1055 1249 ipsas
1079 1165 1148 1252 lulij
1176 1167 1283 1231 mensis
1297 1174 1338 1220 1⁰¹·
1353 1185 1378 1233 ¹5

254 1253 330 1314 idus.
345 1250 423 1314 Nilo
438 1273 528 1314 amne
542 1268 641 1334 preter
657 1253 753 1332 illum,
768 1255 804 1316 de
820 1277 882 1338 quo
896 1255 1123 1337 sepe·diximus,
1138 1256 1283 1320 Damiate

254 1342 429 1424 proximum
440 1339 617 1425 “priusquam
631 1341 790 1426 Babylona
809 1342 955 1407 Damiata
966 1347 1101 1425 adeatur,
1116 1345 1190 1410 alter
1204 1347 1284 1409 deri-

253 1446 340 1492 vatur
353 1429 474 1508 fluvius,
487 1432 535 1493 cui
554 1430 702 1494 Soldanus
718 1448 844 1519 pontem
860 1433 1041 1514 imposuerat
1054 1436 1183 1499 navibus
1197 1435 1284 1498 cons-

254 1521 399 1598 truelum,
427 1543 489 1604 quo
514 1517 610 1602 pollet
638 1519 756 1584 facilius
784 1521 820 1591 in
843 1520 960 1585 nostros
989 1521 1136 1586 Damiate
1161 1540 1284 1608 agentes

253 1610 374 1672 ducere.
389 1607 470 1672 Eum
487 1625 612 1690 pontem
628 1610 785 1670 modicum
800 1608 947 1672 servatum
964 1607 1093 1691 presidio
1107 1634 1179 1674 cum
1191 1613 1283 1675 nostri

255 1695 459 1779 occupassent,
474 1697 633 1778 paululum
655 1697 796 1781 progreffi
818 1697 894 1760 sunt.
910 1696 1057 1761 Postridie
1076 1699 1390 1782 apostolorum1u·29

254 1783 333 1849 Petri
348 1786 379 1848 δι
394 1783 478 1848 Pauli
493 1786 650 1849 nativitate
664 1785 777 1848 celebri
791 1785 887 1849 castra
905 1786 972 1849 sunt
994 1785 1090 1870 posita
1111 1789 1207 1871 passus
1227 1793 1284 1854 tria
1364 1807 1366 1810 “

253 1873 350 1936 millia
374 1897 392 1937 a
413 1874 571 1958 Babylone
591 1874 757 1958 Cayroque
781 1874 905 1952 semota,
928 1875 959 1937 dt
983 1897 1055 1938 cum
1079 1899 1231 1940 annonam
1252 1881 1283 1942 in

253 1962 330 2026 duos
355 1962 546 2025 suffeeturam
569 1963 685 2026 menses
709 1964 804 2028 carris
829 1963 930 2026 secum
945 1964 1147 2049 iumentisque
1161 1966 1283 2030 detulis-

253 2050 325 2130 sent,
336 2051 431 2114 claffis
446 2052 537 2113 etiam
552 2051 675 2114 adverso
690 2050 812 2113 duslam
824 2052 902 2115 Nilo
921 2053 1096 2114 tantandem
1107 2055 1285 2136 adduxerat,

253 2154 287 2202 ut
301 2140 452 2201 innumeri
467 2140 546 2222 apud
562 2139 752 2222 Babylonem
768 2141 967 2222 Cayrumque
989 2140 1179 2222 amplislimas
1194 2145 1283 2208 urbes

252 2227 351 2290 coaeti
367 2227 485 2290 barbari
501 2227 539 2289 ab
553 2248 674 2289 annona
689 2227 771 2309 prius
786 2248 878 2310 quam
898 2227 1048 2290 christiani
1064 2229 1176 2294 milites
1197 2231 1283 2292 vide-

252 2331 356 2380 rentur
384 2315 567 2392 laboraturi;
594 2316 659 2398 spes
687 2317 789 2398 itaque
814 2317 956 2378 vincendi
981 2317 1100 2381 nostros
1114 2317 1284 2382 solidiffima

257 2405 435 2482 hortabatur
455 2404 526 2465 inde
550 2403 659 2481 sutura,
683 2419 717 2465 ut
741 2403 911 2482 videbatur,
932 2405 1054 2485 certior,
1069 2427 1131 2488 quo
1156 2406 1283 2469 celerius

253 2493 445 2575 contingeret
459 2491 633 2574 depugnari.
649 2491 710 2553 Hic
726 2507 858 2556 tentatus
873 2491 940 2574 sepe
955 2493 1047 2557 hostis
1067 2493 1135 2576 sepe
1154 2497 1191 2558 ad
1211 2518 1283 2578 pro-

254 2583 408 2644 deundum
423 2583 454 2642 in
470 2581 567 2643 aciem
583 2595 766 2663 provocatus
780 2581 831 2660 esl,
847 2581 898 2664 qui
922 2597 1005 2643 metu
1020 2581 1051 2644 δι
1065 2604 1178 2665 pavore
1192 2581 1283 2648 fimu-

253 2670 315 2734 lato
324 2670 452 2753 per'dies
463 2667 596 2754 singulos
607 2671 754 2732 maiorem
767 2671 934 2752 perniciem
945 2671 975 2732 in
987 2670 1106 2735 nostros
1118 2673 1284 2738 inauditam

254 2758 484 2821 machinabatur
490 2786 499 2833 3
514 2757 624 2820 Nilum
639 2779 771 2837 amnem,
785 2779 856 2820 cum
877 2758 1067 2840 Babylonem
1086 2761 1283 2844 Cayrumque

254 2846 451 2929 preterlapsus
466 2847 517 2925 est,
529 2847 664 2929 undique
675 2863 820 2910 coercent
835 2847 900 2929 ripe
912 2845 1089 2911 elevatiores
1101 2849 1212 2913 alicubi
1229 2872 1283 2934 pro

254 2933 307 2996 soli
329 2935 508 3014 necessitate,
523 2935 633 2998 alicubi
657 2935 852 3018 depressiores
866 2936 1030 3015 catharate,
1046 2958 1105 3020 que
1124 2954 1206 3001 certa
1220 2938 1285 3022 spa·

255 3024 369 3086 tiorum
395 3026 594 3108 proportione
619 3025 647 3086 in
670 3025 845 3108 regionibus
866 3024 934 3086 sunt
951 3022 1100 3107 disposite,
1115 3027 1153 3087 de
1174 3027 1284 3110 quibus

256 3112 317 3194 agri
339 3112 505 3176 constituto
527 3131 666 3196 tempore
688 3113 884 3176 inundantur.
900 3111 1063 3196 Postquam
1086 3114 1176 3198 igitur
1192 3115 1285 3179 chris-

256 3201 329 3262 tiani
344 3201 421 3264 duos
436 3203 466 3263 in
481 3201 583 3264 castris
598 3201 771 3263 desederant
782 3201 908 3280 menses,
921 3198 1144 3266 incursionibus
1156 3204 1285 3286 popula-

256 3289 447 3372 tionibusque
471 3290 575 3369 satiati,
599 3286 717 3352 occasio
743 3291 794 3352 diu
820 3289 979 3372 expectata
1006 3288 1139 3352 Soldano
1159 3292 1285 3355 obvenit

255 3375 323 3439 Nili
338 3378 369 3438 in
385 3379 515 3442 summas
528 3381 607 3460 ripas
622 3376 710 3440 solito
724 3379 814 3440 citius
830 3377 997 3456 tumefaeti,
1011 3399 1071 3461 qua
1085 3378 1178 3442 fretus
1192 3401 1283 3442 occa-

255 3461 337 3527 sione
351 3467 520 3530 catharatas
535 3467 649 3549 ubique
671 3487 732 3528 non
753 3466 848 3549 magis
869 3467 1014 3544 amoveri,
1028 3487 1121 3548 quam
1143 3469 1222 3550 ripas
1246 3470 1283 3531 ad

255 3555 352 3616 amnis
367 3554 495 3615 sundum
510 3554 611 3617 desodi
626 3555 753 3632 curavit,
773 3570 1061 3637 cooperueruntque
1080 3555 1162 3618 illico
1184 3557 1284 3638 regio-

255 3663 336 3720 nem,
357 3656 448 3726 atque
474 3659 506 3705 ut
527 3641 758 3706 christianorum
783 3641 894 3720 castris,
908 3642 959 3704 ubi
984 3641 1080 3705 solum
1105 3659 1212 3706 natura
1233 3660 1285 3705 aut

255 3729 397 3814 congesta
417 3747 497 3794 terra
518 3731 663 3795 elevatius
685 3747 757 3809 erat,
771 3731 866 3792 cubiti
888 3729 1080 3793 altitudinem
1101 3731 1283 3814 superarent.

159 3827 211 3874 ,xit
222 3845 242 3873 r·
254 3816 403 3883 lumentis
427 3841 499 3881 vero
525 3819 639 3882 sublata
657 3821 795 3902 inprimis
825 3818 964 3901 pascendi
994 3819 1130 3898 facultas,
1152 3819 1282 3902 &quod

254 3907 391 3970 incastris
403 3924 542 3990 paratum
552 3923 624 3985 erat,
633 3905 818 3968 destrudtum
828 3903 871 3967 est
878 3905 1008 3968 stramen
1013 3935 1022 3984 3
1031 3923 1095 3970 tum
1104 3929 1160 3969 nec
1169 3905 1283 3989 aliquid

255 3997 310 4058 fuit
325 3995 449 4073 salvum,
463 4018 524 4079 quo
540 3995 685 4058 mortales
701 3995 855 4076 potuerint
868 3992 918 4056 vel
932 3995 1032 4056 triduo
1050 3994 1231 4057 substentari.
1246 3991 1283 4055 ln

255 4103 322 4167 eam
337 4082 459 4145 addueti
476 4104 578 4146 rerum
593 4083 802 4146 difficultatem
816 4082 970 4145 christiani
981 4084 1039 4146 alia
1053 4104 1177 4166 quoque
1193 4102 1284 4164 ange·

256 4171 364 4234 bannir
389 4173 524 4249 'maiore;
552 4174 635 4256 quod
664 4172 787 4235 redituri
816 4171 994 4234 Damiatam
1022 4171 1144 4234 altiores
1172 4170 1284 4232 alicubi

256 4260 394 4341 depressis
419 4259 494 4323 locis
508 4281 601 4342 aquas
630 4260 765 4324 incidere
786 4260 978 4337 verebantur,
1003 4277 1037 4322 ut
1057 4259 1141 4322 nulla
1160 4260 1210 4320 via
1229 4255 1284 4320 nisi

256 4370 310 4430 per
325 4347 392 4412 Nili
407 4370 532 4432 aggeres
547 4366 612 4414 tuta
632 4351 670 4413 ab
693 4370 840 4433 aquarum
863 4350 1000 4431 periculo
1014 4350 1178 4426 videretur,
1192 4367 1283 4430 quam
