3716 5628
454 559 549 651 ¹93·
586 524 911 618 Bartholomaeus
933 485 1154 615 Albitius.¹
1211 521 1298 644 269

48 806 77 852 S.
88 806 258 864 Beneventum,
273 793 316 856 sas
331 807 430 874 partes
445 811 644 874 paganorum.
658 803 769 854 Demum
787 802 876 852 beatus
889 799 1035 852 Franciscus
1047 797 1143 863 videns,
1155 797 1224 867 quod
1234 797 1300 850 sruc-
1314 804 1373 852 1219

65 868 147 931 sm
159 886 179 930 Ρ·
190 881 233 930 ²5¹
272 897 328 936 tum
341 900 418 952 quem
432 881 587 934 desiderabat
601 881 693 934 ibidem
707 881 787 933 facere
800 896 851 931 non
866 890 973 948 poterat,
985 877 1099 930 Domino
1111 877 1154 929 fibi
1168 875 1301 941 revelante,

272 963 390 1034 disposuit
411 962 482 1014 sociis
503 961 693 1030 recongregatis
711 959 743 1011 ad
756 972 838 1029 partes
852 958 963 1010 fidelium
977 976 1095 1011 remeare.
1119 951 1161 1016 Et
1181 953 1301 1017 rediens

273 1041 309 1102 ad
329 1039 496 1103 Soldanum
514 1038 600 1101 suurn
615 1034 805 1120 propositum
825 1034 863 1097 de
879 1035 977 1097 reditu
1000 1038 1156 1121 indicavit,
1169 1042 1219 1103 cui
1234 1040 1302 1104 Sol-

272 1130 367 1191 danus
392 1127 486 1190 dixit:
515 1153 527 1184 ‹
550 1124 655 1188 Frater
679 1123 849 1203 Francisce,
879 1145 937 1206 ego
962 1123 1092 1192 libenter
1121 1129 1156 1192 ad
1188 1127 1301 1193 Christi

274 1216 396 1279 «fidem
411 1232 601 1294 convertere,
622 1215 670 1278 sed
697 1216 791 1275 modo
813 1215 872 1276 hoc
898 1213 995 1275 facere
1021 1216 1126 1297 timeo,
1151 1220 1233 1302 quod
1256 1215 1303 1280 isti

273 1332 286 1364 ι
305 1306 460 1369 Sarraceni
481 1325 531 1365 me
546 1302 575 1365 ἃ
590 1318 705 1365 tecum
721 1301 808 1364 sociis
822 1302 878 1364 suis
895 1299 915 1362 st
930 1300 1084 1384 sentirent,
1097 1305 1196 1369 statim
1211 1307 1302 1369 inter-

274 1421 286 1452 ‹
304 1394 438 1457 licerent.
460 1392 563 1455 Sed&
581 1408 613 1454 tu
637 1411 708 1453 cum
729 1390 829 1452 adhuc
851 1389 982 1452 multum
998 1393 1085 1474 pollis
1105 1394 1252 1478 perficere
1273 1394 1303 1457 dt

274 1509 286 1542 r
304 1505 362 1566 ego
381 1481 512 1566 quedam
533 1501 642 1564 magna
663 1479 791 1561 negocia
813 1501 869 1560 pro
891 1477 983 1541 salute
1004 1482 1106 1544 anime
1127 1504 1194 1546 mee
1209 1483 1303 1547 anhe-

272 1598 285 1630 ι
304 1571 399 1634 larem
413 1570 568 1652 expedire,
586 1568 702 1630 nollem
722 1583 855 1628 mortem
876 1582 959 1629 tuam
980 1569 1009 1632 δι
1032 1591 1132 1634 meam
1147 1571 1187 1635 ita
1202 1572 1303 1653 inopi-

276 1676 384 1721 ‹nate.
414 1657 472 1720 Sed
497 1658 598 1720 indica
622 1657 697 1718 mihi
723 1655 851 1716 modum
875 1678 937 1738 quo
968 1656 1070 1735 salver,
1102 1658 1213 1742 &ego
1239 1658 1302 1720 sum

275 1777 286 1808 t
307 1763 425 1830 paratus
447 1745 500 1808 tibi
523 1747 554 1808 in
576 1744 719 1806 omnibus
734 1743 868 1806 obedire.
890 1769 903 1800 a
931 1743 972 1807 Et
986 1745 1102 1810 sandius
1124 1746 1302 1810 Franciscus

272 1837 349 1898 dixit
369 1836 416 1896 ei:
443 1860 456 1892 ι
478 1835 626 1913 Domine,
649 1853 708 1915 ego
734 1833 858 1915 quidem
888 1834 981 1894 modo
1008 1835 1148 1896 recedam
1172 1835 1302 1912 avobis,

274 1924 350 1986 «sed
380 1921 539 2005 postquam
563 1922 600 1982 ad
628 1919 733 1982 fideles
761 1919 890 1999 rediero,
918 1921 948 1982 δι
977 1922 1014 1982 ad
1037 1923 1137 1984 celum
1160 1922 1301 1986 Domino

274 2027 434 2074 «vocante
459 2007 611 2088 transiero,
645 2008 711 2090 post
736 2025 869 2070 mortem
897 2030 998 2070 meam
1024 2010 1062 2072 sc.
1085 2012 1114 2073 d.
1142 2011 1302 2093 disponere

275 2129 286 2160 t
302 2099 404 2163 divina
417 2099 536 2159 mittam
551 2098 639 2160 vobis
654 2097 732 2159 duos
746 2096 784 2158 de
799 2097 939 2160 fratribus
954 2101 1040 2177 meis,
1055 2120 1072 2160 a
1094 2100 1205 2183 quibus
1227 2099 1302 2181 bap-

274 2189 421 2252 ‹tismum
440 2185 593 2267 recipietis
615 2185 644 2248 &
665 2184 761 2246 salvus
776 2185 874 2260 eritis;
896 2185 934 2246 src
959 2187 1034 2248 mihi
1052 2185 1207 2250 Dominus
1221 2183 1303 2250 Iesus

275 2304 286 2335 ι
302 2274 438 2342 Christus
454 2275 597 2338 dominus
611 2295 697 2336 meus
713 2274 788 2334 mihi
803 2273 955 2335 revelavit
972 2275 1038 2337 Vos
1057 2291 1161 2338 autem
1181 2275 1302 2336 interim

273 2392 285 2423 t
300 2365 337 2426 ab
345 2362 568 2445 omninegocio
577 2383 632 2425 vos
644 2359 803 2440 dissolvite,
813 2377 846 2424 ut
856 2383 927 2424 cum
938 2363 1039 2444 gracia
1050 2363 1163 2428 Christi
1175 2364 1302 2441 venerit,

272 2451 435 2516 «inveniat
458 2471 513 2512 vos
535 2449 596 2511 fide
620 2449 650 2512 dc
675 2450 841 2511 devotione
865 2467 1041 2533 paratum.»
1064 2451 1125 2515 Cui
1139 2450 1301 2513 ‘Soldanus

271 2538 430 2604 assentiens
444 2539 610 2621 gaudenter
624 2537 756 2600 fideliter
770 2538 914 2600 obedivit.
934 2538 1059 2602 Sandlus
1074 2562 1147 2602 vero
1162 2538 1188 2601 F
1190 2537 1301 2602 rancis-

272 2651 326 2692 cus
339 2628 429 2689 rediit
443 2626 479 2688 ad
496 2643 595 2708 partes
615 2625 807 2704 fidelium,&
823 2626 889 2708 post
903 2627 1021 2711 aliquot
1035 2650 1130 2691 annos
1146 2627 1300 2710 predictus

273 2717 421 2781 Soldanus
437 2714 603 2777 insinuatus
623 2716 665 2777 est
678 2715 946 2798 exspedlatumque
962 2717 1040 2778 beati
1056 2715 1081 2778 F
1083 2718 1206 2780 rancisci
1230 2738 1300 2798 pro-

273 2803 392 2868 missum
408 2805 459 2888 qui
477 2805 535 2864 iam
550 2805 586 2866 ad
609 2803 728 2866 beatam
749 2806 843 2866 vitam
862 2807 1060 2888 migraverat;
1076 2805 1173 2888 posuit
1193 2807 1300 2889 explo-

273 2912 389 2959 ratores
404 2894 434 2955 in
451 2895 546 2974 portis
561 2892 591 2955 δι
605 2911 764 2975 portarum
778 2895 919 2972 exitibus,
943 2910 977 2956 ut
991 2892 1011 2954 st
1033 2896 1085 2977 qui
1110 2894 1171 2956 duo
1194 2897 1300 2960 fratres

274 2984 305 3045 in
320 2982 411 3044 saneti
427 2981 451 3042 F
455 2981 579 3044 rancisci
593 2983 697 3045 habitu
712 2999 904 3065 apparerent,
912 2982 990 3066 ipsos
1001 2984 1037 3047 ad
1047 3006 1117 3048 eum
1129 2983 1301 3048 festinanter

274 3072 469 3134 adducerent.
485 3069 521 3132 In
537 3070 589 3132 illo
605 3087 707 3133 autem
722 3087 862 3153 tempore
880 3075 1020 3155 apparuit
1039 3075 1143 3137 beatus
1165 3071 1301 3137 Francis-

273 3182 328 3222 cus
342 3158 461 3221 duobus
476 3159 614 3222 fratribus
630 3159 730 3222 suis&
754 3163 889 3242 precepit
911 3161 980 3241 illis,
1002 3179 1035 3226 ut
1049 3161 1109 3225 fine
1126 3185 1211 3225 mora
1233 3185 1302 3244 per-

273 3266 378 3332 gerent
402 3248 440 3310 ad
461 3247 628 3310 Soldanum
649 3248 679 3311 dc
700 3248 824 3310 salutem
839 3252 904 3312 eius
924 3252 999 3314 sicut
1027 3252 1202 3334 promiserat
1224 3251 1253 3314 ἃ
1274 3254 1302 3314 ei

179 3407 183 3416 ¹
247 3337 447 3420 ,predixerat
462 3335 589 3400 sollicite
604 3355 814 3418 procurarent,
828 3362 906 3422 quos
917 3357 952 3402 ut
966 3342 1042 3404 vidit
1056 3341 1204 3403 Soldanus
1219 3341 1303 3423 gavi·

275 3426 321 3490 sus
336 3427 378 3488 est
391 3427 503 3510 gaudio
518 3427 653 3488 maximo
665 3425 751 3489 valde
767 3428 889 3491 dicens:
908 3455 920 3486 ι
935 3429 1029 3492 Nunc
1044 3429 1104 3492 scio
1119 3450 1204 3507 vero,
1218 3432 1301 3512 quod

277 3513 383 3578 «misit
405 3514 562 3578 Dominus
583 3515 682 3579 servos
698 3516 774 3595 suos,
794 3521 876 3601 quod
898 3516 972 3580 sicut
987 3517 1163 3601 promiserat
1186 3517 1303 3581 sanetus

277 3632 290 3663 e
304 3602 329 3667 F
331 3603 479 3667 ranciscus
490 3605 532 3666 ita
542 3605 616 3666 mihi
629 3605 756 3668 servavit
766 3607 892 3669 sollicite
904 3628 958 3689 pro
971 3605 1062 3667 salute
1075 3627 1142 3667 mea
1154 3607 1303 3669 transmit-

277 3722 290 3752 «
305 3693 397 3757 tendo
413 3697 489 3756 duos
504 3694 610 3756 socios.
625 3721 636 3750 u
653 3695 906 3778 Recipiensquea
921 3695 1063 3777 predidiis
1078 3695 1215 3757 fratribus
1231 3693 1302 3757 fidei

275 3786 459 3846 documenta
475 3784 505 3846 dt
519 3783 633 3844 sacrum
650 3782 831 3866 baptismum
846 3784 907 3866 ipsa
922 3783 1095 3846 infirmitate
1111 3799 1255 3865 regnante
1271 3785 1302 3846 in

276 3874 402 3936 domino
418 3873 559 3954 migravit
583 3872 620 3934 ad
647 3873 827 3955 sempiterna
851 3874 971 3956 gaudia,
996 3872 1025 3935 ἃ
1050 3872 1128 3933 salva
1155 3873 1234 3934 facta
1261 3870 1303 3933 est

276 3963 376 4025 anima
398 3962 462 4024 eius
488 3961 602 4023 meritis
626 3961 718 4023 saneti
734 3963 825 4045 patris
840 3961 1001 4039 francisci,
1016 3975 1141 4043 optante
1162 3959 1302 4023 Domino

275 4051 376 4114 nostro
390 4047 456 4114 Iesu
472 4049 602 4115 Christo.
