3656 5648
476 545 547 636 26.
583 545 780 639 Iohannes
802 580 826 636 o
849 541 992 636 leidis.
1198 575 1216 666 3
1223 575 1253 662 7

224 822 306 870 ratus
328 805 380 886 est,
393 806 456 889 qui,
471 821 613 889 coaptata
633 829 713 869 nova
733 805 830 884 classe,
845 823 963 888 patrem
981 805 1066 868 suum
1087 805 1124 867 ad
1145 821 1255 868 terram

224 893 357 956 sensiam
378 914 449 956 cum
471 895 626 976 armigeris
648 894 827 958 electissimis
843 891 990 958 assecutus
1006 894 1057 957 est.
1078 890 1256 976 Intelligens

223 997 327 1045 autem
352 982 433 1044 idem
446 981 637 1046 Wilhelmus
656 980 745 1046 srtum
766 983 795 1046 δι
816 985 924 1048 statum
949 981 1152 1046 Damiatensrs
1173 979 1256 1042 urbis

224 1091 262 1132 ex
278 1069 421 1132 industria
435 1070 476 1132 sui
492 1071 604 1155 ingenij
621 1072 692 1134 secit
708 1071 737 1134 in
753 1073 881 1134 modum
892 1071 969 1135 serre
979 1093 1089 1134 navem
1104 1071 1186 1133 suam
1202 1091 1256 1152 per

225 1179 335 1241 aquam
349 1156 476 1238 findere,
487 1161 662 1242 exspesians
676 1161 713 1223 ad
729 1177 849 1244 tempus
863 1177 990 1224 ventum
1005 1158 1056 1222 srbi
1070 1159 1256 1242 prosperum.

224 1247 371 1310 Tandem
391 1247 464 1310 flatu
486 1248 627 1312 &vento
648 1251 794 1332 adoptato
813 1266 975 1312 ventorum
997 1248 1099 1328 flante,
1125 1247 1257 1332 prefatus

225 1335 416 1398 wilhelmus
436 1352 530 1399 ratem
549 1338 674 1418 aptavit,
688 1335 754 1398 vela
776 1336 948 1400 tetendit&
964 1352 1087 1420 portum
1102 1334 1257 1418 expetivit.

227 1421 268 1486 Et
289 1445 362 1486 ecce
376 1425 459 1488 mole
477 1424 631 1488 velificans
651 1427 736 1490 navis
758 1426 787 1489 δι
808 1429 948 1488 acumine
970 1426 1047 1488 serre
1068 1423 1257 1488 corrodentis

227 1512 329 1576 vestes
343 1534 419 1576 enee
436 1514 568 1596 disrupte
591 1515 666 1593 sunt,
680 1514 709 1577 δι
723 1515 852 1577 chatene
863 1517 957 1577 ferree
972 1512 1111 1577 dissolute
1126 1512 1191 1574 sunt
1206 1513 1258 1589 ita,

228 1601 311 1683 quod
325 1599 528 1666 Damiatensrs
544 1604 625 1667 urbis
640 1605 806 1686 patesadius
821 1603 864 1666 est
878 1605 976 1666 aditus
987 1603 1016 1666 δι
1027 1601 1257 1664 christianorum

227 1688 341 1753 navalis
356 1687 541 1754 intromissus
561 1691 603 1754 est
623 1694 772 1755 exercitus
787 1689 860 1754 cesrs
881 1694 1013 1776 paganis,
1034 1691 1160 1768 Turcis‚
1174 1689 1258 1772 Aga·

229 1779 318 1857 renis,
331 1799 403 1840 cum
417 1781 525 1842 ceteris
539 1779 703 1862 gentilibus
719 1777 871 1844 universis.

268 1865 441 1930 Fridericus
463 1868 588 1950 quidem
610 1869 775 1951 imperator
800 1869 968 1948 attendens,
993 1888 1088 1952 quum
1114 1867 1257 1930 eximiam

229 1955 334 2018 urbem
358 1976 410 2036 per
434 1955 607 2018 industriam
622 1957 812 2020 Wilhelmus
835 1959 873 2020 de
888 1957 1055 2020 Hollandia
1068 1953 1203 2038 cepisset,
1223 1975 1258 2016 ac

229 2043 443 2106 inestimabiles
458 2067 533 2127 opes
549 2047 578 2107 in
594 2067 630 2108 ea
644 2047 812 2126 invenisset,
833 2070 870 2109 ex
887 2045 1034 2129 imperiali
1051 2043 1259 2106 munificentia

230 2132 354 2194 donavit
385 2133 572 2216 principibus
599 2134 765 2197 Hollandie
790 2133 843 2198 sub
868 2133 986 2199 Cesaris
1012 2131 1124 2195 vexillo
1149 2131 1258 2194 habere

231 2221 516 2304 propugnatorium,
542 2244 577 2284 ac
602 2225 695 2285 etiam
721 2222 815 2304 ipsum
842 2221 1103 2285 Wilhelmum'in
1129 2219 1258 2281 militem

230 2309 390 2372 ordinavit„
415 2305 540 2392 Insuper
562 2311 667 2374 tribuit
689 2310 934 2374 Heriemensrbus
956 2325 1100 2393 quattuor
1115 2307 1213 2370 stellas
1228 2309 1258 2370 in

230 2397 342 2460 vexillo
356 2397 448 2460 rutilo
464 2399 583 2481 pridem
604 2399 836 2482 deportantibus
851 2399 984 2482 argentei
1006 2397 1119 2462 coloris
1141 2397 1259 2460 deferre

230 2484 373 2568 gladium.
390 2485 562 2550 Patriarcha
572 2511 646 2551 vero
658 2485 925 2572 ierosolymitanus
937 2487 1063 2549 donavit
1077 2486 1169 2548 etiarn
1181 2484 1260 2547 Her-

231 2574 410 2638 lemenstbus
430 2576 629 2639 deserendum
646 2577 830 2660 triumphale
845 2575 962 2660 signum
978 2577 1077 2640 sanste
1092 2575 1202 2652 crucis,
1223 2595 1260 2634 ex

231 2664 373 2812 e⁰·AEu⁰·d
400 2679 483 2726 tanta
503 2664 738 2728 honorificentia
760 2665 915 2729 constituti
943 2666 1008 2729 sunt
1031 2667 1061 2728 in
1084 2681 1164 2728 terra
1189 2683 1261 2745 pro-

233 2772 274 2814 mi
309 2773 385 2815 onrs.

267 2875 332 2945 [loir.
353 2895 368 2928 a
384 2875 479 2944 Leidir,
503 2895 528 2946 p.
553 2878 795 2946 180·182,piurima
808 2879 886 2946 affere
904 2881 935 2931 de
950 2876 1029 2930 cretis
1041 2873 1259 2946 predicatoribus

233 2955 357 3023 oliverio,
373 2958 479 3011 Iohanne
496 2958 615 3026 Xantenfi
633 2960 661 3010 ὅ
672 2959 741 3024 aliis,
754 2978 807 3029 que
819 2959 900 3012 onmia
913 2975 947 3012 ex
963 2956 1058 3012 ‘Thoen
1070 2954 1261 3026 Canr'praeenſss

231 3036 294 3090 libro
306 3036 465 3090 velaliende
477 3037 613 3106 excerpffle
628 3037 742 3092 viderur.

266 3116 341 3184 Ipsius
362 3115 444 3183 verfio
467 3117 606 3170 hoilandiea
631 3117 710 3186 exstat
732 3121 817 3186 apud.-
844 3139 854 3166 e
882 3116 1044 3170 Historialike
1069 3114 1172 3168 materie
1196 3114 1260 3168 ende

236 3215 246 3244 ι
262 3197 393 3264 gesciuiste
405 3200 430 3248 in
440 3210 526 3250 corten
537 3198 688 3250 coronikelic
700 3199 864 3250 beschreeeen
878 3215 926 3250 van
940 3198 988 3250 den
1001 3196 1085 3265 gessen
1099 3196 1163 3248 ende
1176 3195 1259 3247 deden

236 3297 246 3323 ι
262 3277 306 3328 der
320 3275 536 3346 inreoonachtiger
553 3280 657 3346 burgen
672 3295 720 3331 ean
734 3279 779 3330 der
793 3279 859 3331 stede
872 3296 920 3330 van
944 3277 1072 3330 Hareiem.
1092 3297 1102 3324 ι
1126 3274 1260 3328 chronicon

231 3357 429 3424 manuscriptae,
446 3361 510 3428 quod
520 3357 639 3426 excerpsit
650 3359 732 3431 Orfite
745 3363 776 3412 de
788 3361 877 3426 Bruyer,
890 3360 929 3410 De
943 3357 1004 3410 sud
1019 3356 1122 3408 Heriem
1139 3373 1169 3407 en
1182 3355 1258 3406 haere

233 3437 450 3492 Gesthiedenissen
468 3439 524 3507 (Te
543 3439 672 3502 Heariem,
690 3444 766 3507 1765,
778 3456 803 3507 p.
818 3438 887 3508 4²)·]

319 3711 371 3781 27.
398 3691 462 3757 Dte
479 3689 628 3778 Cronycke
644 3711 700 3755 van
717 3685 857 3753 Hoiiend
873 3709 917 3752 ror
934 3686 1070 3770 deniare
1095 3695 1182 3774 1517

501 3815 633 3913 (Divifie
651 3819 807 3907 Cronick)‚
827 3829 897 3894 xm,
911 3845 933 3880 c.
952 3845 993 3879 η.

410 4022 468 4090 [Ed.
481 4023 527 4073 lan
540 4023 634 4084 Severe,
647 4019 760 4089 Leyden,
776 4035 851 4084 1517,
866 4015 931 4081 in-s.‚
943 4015 963 4067 s.
981 4033 1029 4080 ¹47
1046 4015 1082 4084 b.]

744 4178 763 4218 ait

550 4335 670 4408 [Sequitur
687 4335 844 4388 inhaerente
858 4332 962 4400 mdiu]
