<?xml version="1.0" encoding="UTF-8"?>
<!DOCTYPE html PUBLIC "-//W3C//DTD XHTML 1.0 Transitional//EN"
    "http://www.w3.org/TR/xhtml1/DTD/xhtml1-transitional.dtd">
<html xmlns="http://www.w3.org/1999/xhtml" xml:lang="en" lang="en">
 <head>
  <title>
</title>
<meta http-equiv="Content-Type" content="text/html;charset=utf-8" />
  <meta name='ocr-system' content='tesseract 3.04.00' />
  <meta name='ocr-capabilities' content='ocr_page ocr_carea ocr_par ocr_line ocrx_word'/>
</head>
<body>
  <div class='ocr_page' id='page_1' title='image "./testimoniaminor00rhgoog_0209.png"; bbox 0 0 3726 5628; ppageno 0'>
   <div class='ocr_carea' id='block_1_1' title="bbox 578 523 1414 656">
    <p class='ocr_par' dir='ltr' id='par_1_1' title="bbox 578 523 1414 656">
     <span class='ocr_line' id='line_1_1' title="bbox 578 523 1414 656; baseline -0.005 -37"><span class='ocrx_word' id='word_1_1' title='bbox 578 558 659 642; x_wconf 84' lang='lat'>124</span> <span class='ocrx_word' id='word_1_2' title='bbox 759 525 1058 656; x_wconf 68' lang='lat' dir='ltr'>Testimonium</span> <span class='ocrx_word' id='word_1_3' title='bbox 1086 523 1227 618; x_wconf 85' lang='lat' dir='ltr'>Gallia</span> <span class='ocrx_word' id='word_1_4' title='bbox 1237 525 1414 651; x_wconf 82' lang='lat' dir='ltr'>scriptu.</span> 
     </span>
    </p>
   </div>
   <div class='ocr_carea' id='block_1_2' title="bbox 568 779 1593 1130">
    <p class='ocr_par' dir='ltr' id='par_1_2' title="bbox 568 779 1593 1130">
     <span class='ocr_line' id='line_1_2' title="bbox 569 779 1589 865; baseline 0 -21"><span class='ocrx_word' id='word_1_5' title='bbox 569 785 649 848; x_wconf 91' lang='lat' dir='ltr'>idern</span> <span class='ocrx_word' id='word_1_6' title='bbox 665 781 716 845; x_wconf 86' lang='lat' dir='ltr'>sub</span> <span class='ocrx_word' id='word_1_7' title='bbox 729 781 831 844; x_wconf 87' lang='lat' dir='ltr'>nostro</span> <span class='ocrx_word' id='word_1_8' title='bbox 847 797 983 865; x_wconf 86' lang='lat' dir='ltr'>tempore</span> <span class='ocrx_word' id='word_1_9' title='bbox 998 779 1179 865; x_wconf 88' lang='lat' dir='ltr'>dispensari?</span> <span class='ocrx_word' id='word_1_10' title='bbox 1196 782 1331 846; x_wconf 86' lang='lat' dir='ltr'>Crucem</span> <span class='ocrx_word' id='word_1_11' title='bbox 1346 802 1449 845; x_wconf 88' lang='lat' dir='ltr'>veram</span> <span class='ocrx_word' id='word_1_12' title='bbox 1464 803 1502 844; x_wconf 87' lang='lat' dir='ltr'>ex</span> <span class='ocrx_word' id='word_1_13' title='bbox 1517 803 1589 865; x_wconf 90' lang='lat' dir='ltr'>pro-</span> 
     </span>
     <span class='ocr_line' id='line_1_3' title="bbox 569 869 1593 954; baseline 0.001 -21"><span class='ocrx_word' id='word_1_14' title='bbox 569 873 634 954; x_wconf 91' lang='lat' dir='ltr'>prio</span> <span class='ocrx_word' id='word_1_15' title='bbox 649 891 779 954; x_wconf 89' lang='lat' dir='ltr'>corpore</span> <span class='ocrx_word' id='word_1_16' title='bbox 794 870 964 934; x_wconf 84' lang='lat' dir='ltr'>dedicatam</span> <span class='ocrx_word' id='word_1_17' title='bbox 979 870 1098 934; x_wconf 85' lang='lat' dir='ltr'>mensus</span> <span class='ocrx_word' id='word_1_18' title='bbox 1112 869 1154 932; x_wconf 88' lang='lat' dir='ltr'>est</span> <span class='ocrx_word' id='word_1_19' title='bbox 1169 869 1307 934; x_wconf 87' lang='lat' dir='ltr'>Christus</span> <span class='ocrx_word' id='word_1_20' title='bbox 1322 892 1329 933; x_wconf 93' lang='lat'>:</span> <span class='ocrx_word' id='word_1_21' title='bbox 1344 872 1423 933; x_wconf 92' lang='lat' dir='ltr'>hanc</span> <span class='ocrx_word' id='word_1_22' title='bbox 1436 869 1541 934; x_wconf 88' lang='lat' dir='ltr'>fideles</span> <span class='ocrx_word' id='word_1_23' title='bbox 1564 871 1593 933; x_wconf 76' lang='grc' dir='ltr'>δι</span> 
     </span>
     <span class='ocr_line' id='line_1_4' title="bbox 568 958 1593 1043; baseline 0.003 -23"><span class='ocrx_word' id='word_1_24' title='bbox 568 959 712 1023; x_wconf 89' lang='lat' dir='ltr'>membris</span> <span class='ocrx_word' id='word_1_25' title='bbox 728 962 852 1042; x_wconf 83' lang='lat' dir='ltr'>affigunt</span> <span class='ocrx_word' id='word_1_26' title='bbox 866 959 895 1022; x_wconf 73' lang='grc' dir='ltr'>δι</span> <span class='ocrx_word' id='word_1_27' title='bbox 907 960 1067 1022; x_wconf 89' lang='lat' dir='ltr'>mentibus.</span> <span class='ocrx_word' id='word_1_28' title='bbox 1088 958 1189 1043; x_wconf 84' lang='lat' dir='ltr'>Fingit</span> <span class='ocrx_word' id='word_1_29' title='bbox 1205 959 1386 1022; x_wconf 84' lang='lat' dir='ltr'>&amp;diabolus</span> <span class='ocrx_word' id='word_1_30' title='bbox 1396 980 1503 1022; x_wconf 86' lang='lat' dir='ltr'>cruces</span> <span class='ocrx_word' id='word_1_31' title='bbox 1517 959 1593 1039; x_wconf 80' lang='lat' dir='ltr'>suas,</span> 
     </span>
     <span class='ocr_line' id='line_1_5' title="bbox 568 1046 1515 1130; baseline -0.001 -20"><span class='ocrx_word' id='word_1_32' title='bbox 568 1069 642 1130; x_wconf 86' lang='lat' dir='ltr'>quas</span> <span class='ocrx_word' id='word_1_33' title='bbox 657 1048 790 1130; x_wconf 87' lang='lat' dir='ltr'>reprobi,</span> <span class='ocrx_word' id='word_1_34' title='bbox 804 1067 906 1110; x_wconf 87' lang='lat' dir='ltr'>mente</span> <span class='ocrx_word' id='word_1_35' title='bbox 926 1046 1071 1130; x_wconf 87' lang='lat' dir='ltr'>perversa,</span> <span class='ocrx_word' id='word_1_36' title='bbox 1090 1064 1207 1110; x_wconf 90' lang='lat' dir='ltr'>tantum</span> <span class='ocrx_word' id='word_1_37' title='bbox 1223 1048 1366 1111; x_wconf 89' lang='lat' dir='ltr'>membris</span> <span class='ocrx_word' id='word_1_38' title='bbox 1380 1049 1515 1130; x_wconf 80' lang='lat' dir='ltr'>affigunt.</span> 
     </span>
    </p>
   </div>
   <div class='ocr_carea' id='block_1_3' title="bbox 729 1263 1757 1503">
    <p class='ocr_par' dir='ltr' id='par_1_3' title="bbox 729 1263 1757 1503">
     <span class='ocr_line' id='line_1_6' title="bbox 854 1263 1222 1335; baseline 0.005 -14"><span class='ocrx_word' id='word_1_39' title='bbox 854 1263 858 1276; x_wconf 82' lang='lat'>&#39;</span> <span class='ocrx_word' id='word_1_40' title='bbox 946 1270 1001 1322; x_wconf 86' lang='lat' dir='ltr'>Lib.</span> <span class='ocrx_word' id='word_1_41' title='bbox 1017 1273 1049 1335; x_wconf 93' lang='lat' dir='ltr'>ll,</span> <span class='ocrx_word' id='word_1_42' title='bbox 1062 1289 1084 1323; x_wconf 91' lang='lat' dir='ltr'>c.</span> <span class='ocrx_word' id='word_1_43' title='bbox 1102 1276 1141 1334; x_wconf 80' lang='lat'>18,</span> <span class='ocrx_word' id='word_1_44' title='bbox 1155 1279 1184 1322; x_wconf 89' lang='lat' dir='ltr'>n⁰</span> <span class='ocrx_word' id='word_1_45' title='bbox 1199 1291 1222 1323; x_wconf 85' lang='lat' dir='ltr'>a.</span> 
     </span>
     <span class='ocr_line' id='line_1_7' title="bbox 729 1417 1757 1503; baseline -0.004 -21"><span class='ocrx_word' id='word_1_46' title='bbox 729 1418 892 1503; x_wconf 80' lang='lat' dir='ltr'><em>Exemplum</em></span> <span class='ocrx_word' id='word_1_47' title='bbox 905 1418 938 1479; x_wconf 84' lang='lat' dir='ltr'>de</span> <span class='ocrx_word' id='word_1_48' title='bbox 953 1419 1010 1478; x_wconf 86' lang='lat' dir='ltr'>odio</span> <span class='ocrx_word' id='word_1_49' title='bbox 1022 1417 1145 1501; x_wconf 77' lang='lat' dir='ltr'>intestino</span> <span class='ocrx_word' id='word_1_50' title='bbox 1158 1417 1321 1479; x_wconf 80' lang='lat' dir='ltr'><em>terribiliter</em></span> <span class='ocrx_word' id='word_1_51' title='bbox 1332 1418 1437 1501; x_wconf 79' lang='lat' dir='ltr'>punito.</span> <span class='ocrx_word' id='word_1_52' title='bbox 1608 1449 1631 1493; x_wconf 78' lang='lat' dir='ltr'>p.</span> <span class='ocrx_word' id='word_1_53' title='bbox 1643 1445 1757 1478; x_wconf 75' lang='lat' dir='ltr'>zar-222</span> 
     </span>
    </p>
   </div>
   <div class='ocr_carea' id='block_1_4' title="bbox 800 1592 1367 1659">
    <p class='ocr_par' dir='ltr' id='par_1_4' title="bbox 800 1592 1367 1659">
     <span class='ocr_line' id='line_1_8' title="bbox 800 1592 1367 1659; baseline 0.002 -18"><span class='ocrx_word' id='word_1_54' title='bbox 800 1595 907 1659; x_wconf 81' lang='lat' dir='ltr'>[Sequitur</span> <span class='ocrx_word' id='word_1_55' title='bbox 922 1595 1049 1642; x_wconf 74' lang='lat' dir='ltr'>Vincendum</span> <span class='ocrx_word' id='word_1_56' title='bbox 1062 1595 1152 1652; x_wconf 71' lang='lat' dir='ltr'>uerbo,</span> <span class='ocrx_word' id='word_1_57' title='bbox 1158 1592 1230 1658; x_wconf 73' lang='lat' dir='ltr'>supra</span> <span class='ocrx_word' id='word_1_58' title='bbox 1239 1605 1263 1656; x_wconf 81' lang='lat' dir='ltr'>p.</span> <span class='ocrx_word' id='word_1_59' title='bbox 1276 1594 1367 1656; x_wconf 81' lang='lat'>96·97.]</span> 
     </span>
    </p>
   </div>
   <div class='ocr_carea' id='block_1_5' title="bbox 940 1779 1226 1846">
    <p class='ocr_par' dir='ltr' id='par_1_5' title="bbox 940 1779 1226 1846">
     <span class='ocr_line' id='line_1_9' title="bbox 940 1779 1226 1846; baseline 0.003 -15"><span class='ocrx_word' id='word_1_60' title='bbox 940 1779 997 1832; x_wconf 85' lang='lat' dir='ltr'>Lib.</span> <span class='ocrx_word' id='word_1_61' title='bbox 1014 1779 1047 1845; x_wconf 89' lang='lat'>11,</span> <span class='ocrx_word' id='word_1_62' title='bbox 1064 1796 1086 1831; x_wconf 94' lang='lat' dir='ltr'>c.</span> <span class='ocrx_word' id='word_1_63' title='bbox 1100 1799 1143 1846; x_wconf 87' lang='lat'>40,</span> <span class='ocrx_word' id='word_1_64' title='bbox 1157 1793 1186 1830; x_wconf 85' lang='lat' dir='ltr'>n⁰</span> <span class='ocrx_word' id='word_1_65' title='bbox 1201 1797 1226 1842; x_wconf 89' lang='lat'>4.</span> 
     </span>
    </p>
   </div>
   <div class='ocr_carea' id='block_1_6' title="bbox 576 1909 1596 2086">
    <p class='ocr_par' dir='ltr' id='par_1_6' title="bbox 576 1909 1596 2086">
     <span class='ocr_line' id='line_1_10' title="bbox 576 1909 1596 1999; baseline -0.002 -24"><span class='ocrx_word' id='word_1_66' title='bbox 576 1913 618 1975; x_wconf 83' lang='lat' dir='ltr'>De</span> <span class='ocrx_word' id='word_1_67' title='bbox 638 1913 692 1974; x_wconf 79' lang='lat' dir='ltr'>alio</span> <span class='ocrx_word' id='word_1_68' title='bbox 707 1911 772 1974; x_wconf 88' lang='lat' dir='ltr'>viro</span> <span class='ocrx_word' id='word_1_69' title='bbox 783 1911 885 1999; x_wconf 67' lang='lat' dir='ltr'>sancio</span> <span class='ocrx_word' id='word_1_70' title='bbox 900 1934 931 1972; x_wconf 83' lang='lat' dir='ltr'>ex</span> <span class='ocrx_word' id='word_1_71' title='bbox 947 1911 1109 1972; x_wconf 82' lang='lat' dir='ltr'>Brabanria</span> <span class='ocrx_word' id='word_1_72' title='bbox 1125 1935 1182 1972; x_wconf 86' lang='lat' dir='ltr'>una</span> <span class='ocrx_word' id='word_1_73' title='bbox 1196 1922 1267 1972; x_wconf 66' lang='lat' dir='ltr'>nolle</span> <span class='ocrx_word' id='word_1_74' title='bbox 1289 1911 1332 1972; x_wconf 84' lang='lat' dir='ltr'>ad</span> <span class='ocrx_word' id='word_1_75' title='bbox 1346 1909 1596 1996; x_wconf 74' lang='lat' dir='ltr'>terramsanl‘iam</span> 
     </span>
     <span class='ocr_line' id='line_1_11' title="bbox 934 1999 1239 2086; baseline -0.003 -25"><span class='ocrx_word' id='word_1_76' title='bbox 934 2001 970 2061; x_wconf 86' lang='lat' dir='ltr'>ab</span> <span class='ocrx_word' id='word_1_77' title='bbox 984 1999 1081 2080; x_wconf 84' lang='lat' dir='ltr'>angelo</span> <span class='ocrx_word' id='word_1_78' title='bbox 1095 2002 1239 2086; x_wconf 80' lang='lat' dir='ltr'>translato.</span> 
     </span>
    </p>
   </div>
   <div class='ocr_carea' id='block_1_7' title="bbox 474 2170 1692 4384">
    <p class='ocr_par' dir='ltr' id='par_1_7' title="bbox 500 2170 1692 3226">
     <span class='ocr_line' id='line_1_12' title="bbox 500 2170 1692 2256; baseline -0.002 -20"><span class='ocrx_word' id='word_1_79' title='bbox 500 2204 557 2252; x_wconf 81' lang='lat'>1213</span> <span class='ocrx_word' id='word_1_80' title='bbox 611 2174 655 2236; x_wconf 85' lang='lat' dir='ltr'>At</span> <span class='ocrx_word' id='word_1_81' title='bbox 669 2176 814 2256; x_wconf 89' lang='lat' dir='ltr'>quoniam</span> <span class='ocrx_word' id='word_1_82' title='bbox 831 2175 860 2236; x_wconf 90' lang='lat' dir='ltr'>in</span> <span class='ocrx_word' id='word_1_83' title='bbox 876 2175 1003 2236; x_wconf 94' lang='lat' dir='ltr'>dubium</span> <span class='ocrx_word' id='word_1_84' title='bbox 1012 2173 1148 2256; x_wconf 87' lang='lat' dir='ltr'>pluribus</span> <span class='ocrx_word' id='word_1_85' title='bbox 1163 2173 1266 2235; x_wconf 87' lang='lat' dir='ltr'>venire</span> <span class='ocrx_word' id='word_1_86' title='bbox 1281 2170 1387 2256; x_wconf 82' lang='lat' dir='ltr'>pollet,</span> <span class='ocrx_word' id='word_1_87' title='bbox 1401 2173 1530 2256; x_wconf 82' lang='lat' dir='ltr'>qualiter</span> <span class='ocrx_word' id='word_1_88' title='bbox 1544 2171 1596 2235; x_wconf 84' lang='lat' dir='ltr'>sub</span> <span class='ocrx_word' id='word_1_89' title='bbox 1610 2205 1632 2249; x_wconf 76' lang='lat' dir='ltr'>p.</span> <span class='ocrx_word' id='word_1_90' title='bbox 1644 2200 1692 2245; x_wconf 81' lang='lat'>402</span> 
     </span>
     <span class='ocr_line' id='line_1_13' title="bbox 571 2260 1597 2345; baseline 0.001 -22"><span class='ocrx_word' id='word_1_91' title='bbox 571 2277 633 2324; x_wconf 89' lang='lat' dir='ltr'>tam</span> <span class='ocrx_word' id='word_1_92' title='bbox 648 2263 730 2325; x_wconf 91' lang='lat' dir='ltr'>brevi</span> <span class='ocrx_word' id='word_1_93' title='bbox 746 2263 892 2345; x_wconf 88' lang='lat' dir='ltr'>temporis</span> <span class='ocrx_word' id='word_1_94' title='bbox 907 2261 1017 2345; x_wconf 87' lang='lat' dir='ltr'>spacio,</span> <span class='ocrx_word' id='word_1_95' title='bbox 1034 2263 1063 2322; x_wconf 91' lang='lat' dir='ltr'>in</span> <span class='ocrx_word' id='word_1_96' title='bbox 1079 2261 1159 2344; x_wconf 85' lang='lat' dir='ltr'>gravi</span> <span class='ocrx_word' id='word_1_97' title='bbox 1176 2281 1316 2344; x_wconf 85' lang='lat' dir='ltr'>corpore,</span> <span class='ocrx_word' id='word_1_98' title='bbox 1331 2283 1385 2343; x_wconf 93' lang='lat' dir='ltr'>per</span> <span class='ocrx_word' id='word_1_99' title='bbox 1401 2277 1446 2324; x_wconf 92' lang='lat' dir='ltr'>tot</span> <span class='ocrx_word' id='word_1_100' title='bbox 1462 2260 1597 2324; x_wconf 86' lang='lat' dir='ltr'>maris&amp;</span> 
     </span>
     <span class='ocr_line' id='line_1_14' title="bbox 571 2345 1596 2431; baseline -0.002 -19"><span class='ocrx_word' id='word_1_101' title='bbox 571 2364 648 2413; x_wconf 90' lang='lat' dir='ltr'>terre</span> <span class='ocrx_word' id='word_1_102' title='bbox 664 2351 786 2429; x_wconf 71' lang='lat' dir='ltr'>tractus,</span> <span class='ocrx_word' id='word_1_103' title='bbox 801 2351 851 2412; x_wconf 91' lang='lat' dir='ltr'>hic</span> <span class='ocrx_word' id='word_1_104' title='bbox 873 2347 992 2411; x_wconf 84' lang='lat' dir='ltr'>transire</span> <span class='ocrx_word' id='word_1_105' title='bbox 1015 2345 1132 2429; x_wconf 81' lang='lat' dir='ltr'>pollet:</span> <span class='ocrx_word' id='word_1_106' title='bbox 1148 2363 1278 2430; x_wconf 90' lang='lat' dir='ltr'>excepto</span> <span class='ocrx_word' id='word_1_107' title='bbox 1296 2348 1429 2409; x_wconf 88' lang='lat' dir='ltr'>evidenti</span> <span class='ocrx_word' id='word_1_108' title='bbox 1454 2347 1596 2431; x_wconf 88' lang='lat' dir='ltr'>exemplo</span> 
     </span>
     <span class='ocr_line' id='line_1_15' title="bbox 571 2433 1597 2521; baseline -0.003 -21"><span class='ocrx_word' id='word_1_109' title='bbox 571 2438 710 2516; x_wconf 82' lang='lat' dir='ltr'><strong>Abacuc,</strong></span> <span class='ocrx_word' id='word_1_110' title='bbox 729 2460 783 2520; x_wconf 87' lang='lat' dir='ltr'>per</span> <span class='ocrx_word' id='word_1_111' title='bbox 808 2457 930 2521; x_wconf 89' lang='lat' dir='ltr'>parvam</span> <span class='ocrx_word' id='word_1_112' title='bbox 952 2437 1012 2499; x_wconf 89' lang='lat' dir='ltr'>diei</span> <span class='ocrx_word' id='word_1_113' title='bbox 1034 2436 1142 2499; x_wconf 90' lang='lat' dir='ltr'>horam</span> <span class='ocrx_word' id='word_1_114' title='bbox 1167 2436 1197 2497; x_wconf 91' lang='lat' dir='ltr'>in</span> <span class='ocrx_word' id='word_1_115' title='bbox 1223 2434 1413 2519; x_wconf 87' lang='lat' dir='ltr'>Babylonem</span> <span class='ocrx_word' id='word_1_116' title='bbox 1437 2437 1474 2497; x_wconf 97' lang='lat' dir='ltr'>de</span> <span class='ocrx_word' id='word_1_117' title='bbox 1500 2433 1597 2497; x_wconf 88' lang='lat' dir='ltr'>Iudea</span> 
     </span>
     <span class='ocr_line' id='line_1_16' title="bbox 570 2523 1597 2608; baseline -0.002 -20"><span class='ocrx_word' id='word_1_118' title='bbox 570 2526 697 2588; x_wconf 88' lang='lat' dir='ltr'>transsati</span> <span class='ocrx_word' id='word_1_119' title='bbox 713 2549 720 2590; x_wconf 93' lang='lat'>:</span> <span class='ocrx_word' id='word_1_120' title='bbox 737 2526 919 2589; x_wconf 86' lang='lat' dir='ltr'>miraculum</span> <span class='ocrx_word' id='word_1_121' title='bbox 934 2524 1089 2589; x_wconf 91' lang='lat' dir='ltr'>conlimile</span> <span class='ocrx_word' id='word_1_122' title='bbox 1110 2529 1193 2608; x_wconf 90' lang='lat' dir='ltr'>quod</span> <span class='ocrx_word' id='word_1_123' title='bbox 1210 2525 1316 2588; x_wconf 89' lang='lat' dir='ltr'>diebus</span> <span class='ocrx_word' id='word_1_124' title='bbox 1341 2523 1449 2586; x_wconf 86' lang='lat' dir='ltr'>nostris</span> <span class='ocrx_word' id='word_1_125' title='bbox 1471 2525 1502 2586; x_wconf 91' lang='lat' dir='ltr'>in</span> <span class='ocrx_word' id='word_1_126' title='bbox 1523 2523 1597 2586; x_wconf 87' lang='lat' dir='ltr'>Bra-</span> 
     </span>
     <span class='ocr_line' id='line_1_17' title="bbox 570 2609 1596 2698; baseline -0.002 -22"><span class='ocrx_word' id='word_1_127' title='bbox 570 2615 672 2678; x_wconf 88' lang='lat' dir='ltr'>bantia</span> <span class='ocrx_word' id='word_1_128' title='bbox 686 2615 824 2697; x_wconf 85' lang='lat' dir='ltr'>contigit,</span> <span class='ocrx_word' id='word_1_129' title='bbox 846 2614 928 2698; x_wconf 93' lang='lat' dir='ltr'>quod</span> <span class='ocrx_word' id='word_1_130' title='bbox 944 2612 1031 2690; x_wconf 90' lang='lat' dir='ltr'>nulli,</span> <span class='ocrx_word' id='word_1_131' title='bbox 1045 2615 1097 2695; x_wconf 93' lang='lat' dir='ltr'>qui</span> <span class='ocrx_word' id='word_1_132' title='bbox 1112 2613 1271 2675; x_wconf 89' lang='lat' dir='ltr'>bominem</span> <span class='ocrx_word' id='word_1_133' title='bbox 1285 2613 1383 2691; x_wconf 91' lang='lat' dir='ltr'>novit,</span> <span class='ocrx_word' id='word_1_134' title='bbox 1396 2612 1524 2675; x_wconf 89' lang='lat' dir='ltr'>dubium</span> <span class='ocrx_word' id='word_1_135' title='bbox 1538 2609 1596 2674; x_wconf 81' lang='lat' dir='ltr'>elle</span> 
     </span>
     <span class='ocr_line' id='line_1_18' title="bbox 570 2699 1593 2783; baseline -0.002 -19"><span class='ocrx_word' id='word_1_136' title='bbox 570 2706 680 2783; x_wconf 89' lang='lat' dir='ltr'>potuit,</span> <span class='ocrx_word' id='word_1_137' title='bbox 705 2703 878 2766; x_wconf 90' lang='lat' dir='ltr'>referamus.</span> <span class='ocrx_word' id='word_1_138' title='bbox 904 2704 998 2765; x_wconf 86' lang='lat' dir='ltr'>Anno</span> <span class='ocrx_word' id='word_1_139' title='bbox 1023 2703 1146 2765; x_wconf 67' lang='lat' dir='ltr'>circiter</span> <span class='ocrx_word' id='word_1_140' title='bbox 1172 2702 1208 2763; x_wconf 92' lang='lat' dir='ltr'>ab</span> <span class='ocrx_word' id='word_1_141' title='bbox 1233 2703 1442 2765; x_wconf 83' lang='lat' dir='ltr'>incarnatione</span> <span class='ocrx_word' id='word_1_142' title='bbox 1464 2699 1593 2764; x_wconf 88' lang='lat' dir='ltr'>Domini</span> 
     </span>
     <span class='ocr_line' id='line_1_19' title="bbox 573 2789 1594 2874; baseline -0.002 -20"><span class='ocrx_word' id='word_1_143' title='bbox 573 2789 766 2870; x_wconf 84' lang='lat' dir='ltr'>MCCXIII,</span> <span class='ocrx_word' id='word_1_144' title='bbox 780 2813 851 2854; x_wconf 89' lang='lat' dir='ltr'>curn</span> <span class='ocrx_word' id='word_1_145' title='bbox 866 2814 940 2854; x_wconf 89' lang='lat' dir='ltr'>crux</span> <span class='ocrx_word' id='word_1_146' title='bbox 951 2791 1146 2854; x_wconf 88' lang='lat' dir='ltr'>transmarina</span> <span class='ocrx_word' id='word_1_147' title='bbox 1161 2790 1274 2874; x_wconf 91' lang='lat' dir='ltr'>ubique</span> <span class='ocrx_word' id='word_1_148' title='bbox 1288 2792 1350 2853; x_wconf 90' lang='lat' dir='ltr'>fere</span> <span class='ocrx_word' id='word_1_149' title='bbox 1366 2807 1511 2852; x_wconf 89' lang='lat' dir='ltr'>terrarum</span> <span class='ocrx_word' id='word_1_150' title='bbox 1527 2811 1594 2873; x_wconf 89' lang='lat' dir='ltr'>pre-</span> 
     </span>
     <span class='ocr_line' id='line_1_20' title="bbox 572 2877 1596 2963; baseline 0.002 -23"><span class='ocrx_word' id='word_1_151' title='bbox 572 2880 733 2962; x_wconf 82' lang='lat' dir='ltr'>dicaretur,</span> <span class='ocrx_word' id='word_1_152' title='bbox 747 2896 812 2941; x_wconf 89' lang='lat' dir='ltr'>erat</span> <span class='ocrx_word' id='word_1_153' title='bbox 833 2881 879 2940; x_wconf 90' lang='lat' dir='ltr'>vir</span> <span class='ocrx_word' id='word_1_154' title='bbox 903 2881 933 2941; x_wconf 95' lang='lat' dir='ltr'>in</span> <span class='ocrx_word' id='word_1_155' title='bbox 959 2879 1121 2941; x_wconf 89' lang='lat' dir='ltr'>Brabantia</span> <span class='ocrx_word' id='word_1_156' title='bbox 1136 2878 1340 2942; x_wconf 85' lang='lat' dir='ltr'>inestimabilis</span> <span class='ocrx_word' id='word_1_157' title='bbox 1356 2877 1530 2957; x_wconf 66' lang='lat' dir='ltr'>sanctitatis,</span> <span class='ocrx_word' id='word_1_158' title='bbox 1544 2881 1596 2963; x_wconf 92' lang='lat' dir='ltr'>qui</span> 
     </span>
     <span class='ocr_line' id='line_1_21' title="bbox 571 2965 1597 3050; baseline 0.001 -22"><span class='ocrx_word' id='word_1_159' title='bbox 571 2965 748 3029; x_wconf 80' lang='lat' dir='ltr'>desiderium</span> <span class='ocrx_word' id='word_1_160' title='bbox 764 2970 888 3050; x_wconf 90' lang='lat' dir='ltr'>quidem</span> <span class='ocrx_word' id='word_1_161' title='bbox 904 2967 1030 3049; x_wconf 81' lang='lat' dir='ltr'>longum</span> <span class='ocrx_word' id='word_1_162' title='bbox 1044 2967 1199 3045; x_wconf 92' lang='lat' dir='ltr'>babuerat,</span> <span class='ocrx_word' id='word_1_163' title='bbox 1210 2983 1330 3044; x_wconf 89' lang='lat' dir='ltr'>terram,</span> <span class='ocrx_word' id='word_1_164' title='bbox 1345 2968 1375 3028; x_wconf 90' lang='lat' dir='ltr'>in</span> <span class='ocrx_word' id='word_1_165' title='bbox 1390 2987 1450 3049; x_wconf 93' lang='lat' dir='ltr'>qua</span> <span class='ocrx_word' id='word_1_166' title='bbox 1461 2965 1597 3029; x_wconf 79' lang='lat' dir='ltr'>deterant</span> 
     </span>
     <span class='ocr_line' id='line_1_22' title="bbox 572 3054 1597 3139; baseline 0.001 -23"><span class='ocrx_word' id='word_1_167' title='bbox 572 3054 664 3138; x_wconf 87' lang='lat' dir='ltr'>pedes</span> <span class='ocrx_word' id='word_1_168' title='bbox 684 3054 807 3134; x_wconf 89' lang='lat' dir='ltr'>Christi,</span> <span class='ocrx_word' id='word_1_169' title='bbox 822 3057 999 3139; x_wconf 86' lang='lat' dir='ltr'>peregrinus</span> <span class='ocrx_word' id='word_1_170' title='bbox 1015 3055 1137 3116; x_wconf 89' lang='lat' dir='ltr'>invisere</span> <span class='ocrx_word' id='word_1_171' title='bbox 1153 3077 1160 3117; x_wconf 92' lang='lat'>:</span> <span class='ocrx_word' id='word_1_172' title='bbox 1177 3054 1223 3116; x_wconf 89' lang='lat' dir='ltr'>sed</span> <span class='ocrx_word' id='word_1_173' title='bbox 1250 3055 1394 3118; x_wconf 89' lang='lat' dir='ltr'>retardari</span> <span class='ocrx_word' id='word_1_174' title='bbox 1419 3075 1437 3116; x_wconf 88' lang='lat' dir='ltr'>a</span> <span class='ocrx_word' id='word_1_175' title='bbox 1457 3072 1597 3117; x_wconf 90' lang='lat' dir='ltr'>contern-</span> 
     </span>
     <span class='ocr_line' id='line_1_23' title="bbox 572 3140 1688 3226; baseline 0.004 -21"><span class='ocrx_word' id='word_1_176' title='bbox 572 3142 706 3225; x_wconf 87' lang='lat' dir='ltr'>platione</span> <span class='ocrx_word' id='word_1_177' title='bbox 722 3144 834 3223; x_wconf 86' lang='lat' dir='ltr'>divina,</span> <span class='ocrx_word' id='word_1_178' title='bbox 849 3145 878 3206; x_wconf 92' lang='lat' dir='ltr'>in</span> <span class='ocrx_word' id='word_1_179' title='bbox 894 3143 1044 3226; x_wconf 88' lang='lat' dir='ltr'>corporali</span> <span class='ocrx_word' id='word_1_180' title='bbox 1061 3144 1205 3206; x_wconf 88' lang='lat' dir='ltr'>exercitio</span> <span class='ocrx_word' id='word_1_181' title='bbox 1226 3144 1394 3206; x_wconf 88' lang='lat' dir='ltr'>verebatur.</span> <span class='ocrx_word' id='word_1_182' title='bbox 1410 3140 1445 3204; x_wconf 90' lang='lat' dir='ltr'>In</span> <span class='ocrx_word' id='word_1_183' title='bbox 1458 3144 1594 3206; x_wconf 87' lang='lat' dir='ltr'>oratione</span> <span class='ocrx_word' id='word_1_184' title='bbox 1610 3181 1629 3225; x_wconf 73' lang='lat' dir='ltr'>p.</span> <span class='ocrx_word' id='word_1_185' title='bbox 1642 3177 1688 3224; x_wconf 79' lang='lat'>403</span> 
     </span>
    </p>

    <p class='ocr_par' dir='ltr' id='par_1_8' title="bbox 474 3230 1598 4384">
     <span class='ocr_line' id='line_1_24' title="bbox 474 3230 1597 3316; baseline -0.002 -19"><span class='ocrx_word' id='word_1_186' title='bbox 474 3253 515 3300; x_wconf 81' lang='lat' dir='ltr'>rur.</span> <span class='ocrx_word' id='word_1_187' title='bbox 529 3267 554 3314; x_wconf 80' lang='lat'>3¹</span> <span class='ocrx_word' id='word_1_188' title='bbox 571 3247 672 3293; x_wconf 84' lang='lat' dir='ltr'>autem</span> <span class='ocrx_word' id='word_1_189' title='bbox 694 3232 830 3295; x_wconf 87' lang='lat' dir='ltr'>existenti</span> <span class='ocrx_word' id='word_1_190' title='bbox 846 3233 877 3296; x_wconf 92' lang='lat' dir='ltr'>in</span> <span class='ocrx_word' id='word_1_191' title='bbox 892 3233 995 3316; x_wconf 87' lang='lat' dir='ltr'>vigilia</span> <span class='ocrx_word' id='word_1_192' title='bbox 1008 3232 1100 3294; x_wconf 73' lang='lat' dir='ltr'>sandli</span> <span class='ocrx_word' id='word_1_193' title='bbox 1115 3230 1196 3294; x_wconf 86' lang='lat' dir='ltr'>Petri</span> <span class='ocrx_word' id='word_1_194' title='bbox 1222 3233 1257 3295; x_wconf 89' lang='lat' dir='ltr'>ad</span> <span class='ocrx_word' id='word_1_195' title='bbox 1281 3232 1414 3312; x_wconf 84' lang='lat' dir='ltr'>vincula,</span> <span class='ocrx_word' id='word_1_196' title='bbox 1427 3231 1527 3295; x_wconf 88' lang='lat' dir='ltr'>clauso</span> <span class='ocrx_word' id='word_1_197' title='bbox 1543 3254 1597 3295; x_wconf 93' lang='lat' dir='ltr'>cu-</span> 
     </span>
     <span class='ocr_line' id='line_1_25' title="bbox 572 3319 1596 3404; baseline 0.002 -21"><span class='ocrx_word' id='word_1_198' title='bbox 572 3319 684 3400; x_wconf 91' lang='lat' dir='ltr'>biculo,</span> <span class='ocrx_word' id='word_1_199' title='bbox 698 3321 789 3384; x_wconf 87' lang='lat' dir='ltr'>astitit</span> <span class='ocrx_word' id='word_1_200' title='bbox 804 3319 845 3383; x_wconf 90' lang='lat' dir='ltr'>illi</span> <span class='ocrx_word' id='word_1_201' title='bbox 865 3343 936 3383; x_wconf 90' lang='lat' dir='ltr'>cum</span> <span class='ocrx_word' id='word_1_202' title='bbox 951 3321 1066 3404; x_wconf 87' lang='lat' dir='ltr'>ingenti</span> <span class='ocrx_word' id='word_1_203' title='bbox 1082 3319 1196 3382; x_wconf 93' lang='lat' dir='ltr'>lumine</span> <span class='ocrx_word' id='word_1_204' title='bbox 1213 3321 1286 3400; x_wconf 83' lang='lat' dir='ltr'>(erat</span> <span class='ocrx_word' id='word_1_205' title='bbox 1306 3321 1388 3383; x_wconf 91' lang='lat' dir='ltr'>enim</span> <span class='ocrx_word' id='word_1_206' title='bbox 1411 3324 1484 3402; x_wconf 85' lang='lat' dir='ltr'>nox)</span> <span class='ocrx_word' id='word_1_207' title='bbox 1505 3343 1596 3404; x_wconf 90' lang='lat' dir='ltr'>ange·</span> 
     </span>
     <span class='ocr_line' id='line_1_26' title="bbox 572 3408 1596 3492; baseline 0.003 -21"><span class='ocrx_word' id='word_1_208' title='bbox 572 3408 617 3474; x_wconf 82' lang='lat' dir='ltr'>lua</span> <span class='ocrx_word' id='word_1_209' title='bbox 630 3409 703 3489; x_wconf 90' lang='lat' dir='ltr'>Dei,</span> <span class='ocrx_word' id='word_1_210' title='bbox 714 3411 829 3474; x_wconf 87' lang='lat' dir='ltr'>dicens:</span> <span class='ocrx_word' id='word_1_211' title='bbox 845 3437 857 3467; x_wconf 74' lang='lat' dir='ltr'><em>i</em></span> <span class='ocrx_word' id='word_1_212' title='bbox 872 3409 961 3472; x_wconf 93' lang='lat' dir='ltr'>Vidit</span> <span class='ocrx_word' id='word_1_213' title='bbox 973 3409 1128 3471; x_wconf 86' lang='lat' dir='ltr'>Dominus</span> <span class='ocrx_word' id='word_1_214' title='bbox 1139 3411 1245 3492; x_wconf 85' lang='lat' dir='ltr'>ingens</span> <span class='ocrx_word' id='word_1_215' title='bbox 1261 3409 1441 3472; x_wconf 84' lang='lat' dir='ltr'>desiderium</span> <span class='ocrx_word' id='word_1_216' title='bbox 1455 3427 1551 3492; x_wconf 90' lang='lat' dir='ltr'>tuum,</span> <span class='ocrx_word' id='word_1_217' title='bbox 1566 3427 1596 3474; x_wconf 90' lang='lat' dir='ltr'>te</span> 
     </span>
     <span class='ocr_line' id='line_1_27' title="bbox 571 3496 1594 3576; baseline 0.002 -17"><span class='ocrx_word' id='word_1_218' title='bbox 571 3497 684 3562; x_wconf 89' lang='lat' dir='ltr'>scilicet</span> <span class='ocrx_word' id='word_1_219' title='bbox 706 3496 784 3561; x_wconf 91' lang='lat' dir='ltr'>velle</span> <span class='ocrx_word' id='word_1_220' title='bbox 799 3498 925 3561; x_wconf 89' lang='lat' dir='ltr'>invisere</span> <span class='ocrx_word' id='word_1_221' title='bbox 941 3514 1052 3560; x_wconf 88' lang='lat' dir='ltr'>terram</span> <span class='ocrx_word' id='word_1_222' title='bbox 1068 3497 1209 3576; x_wconf 69' lang='lat' dir='ltr'>sanciam,</span> <span class='ocrx_word' id='word_1_223' title='bbox 1224 3497 1253 3559; x_wconf 74' lang='grc' dir='ltr'>δι</span> <span class='ocrx_word' id='word_1_224' title='bbox 1267 3519 1349 3560; x_wconf 90' lang='lat' dir='ltr'>nunc</span> <span class='ocrx_word' id='word_1_225' title='bbox 1365 3500 1401 3559; x_wconf 92' lang='lat' dir='ltr'>ad</span> <span class='ocrx_word' id='word_1_226' title='bbox 1418 3498 1478 3560; x_wconf 92' lang='lat' dir='ltr'>hoc</span> <span class='ocrx_word' id='word_1_227' title='bbox 1493 3497 1594 3562; x_wconf 83' lang='lat' dir='ltr'>millus</span> 
     </span>
     <span class='ocr_line' id='line_1_28' title="bbox 571 3584 1594 3667; baseline 0 -18"><span class='ocrx_word' id='word_1_228' title='bbox 571 3588 636 3649; x_wconf 89' lang='lat' dir='ltr'>sum</span> <span class='ocrx_word' id='word_1_229' title='bbox 649 3588 686 3648; x_wconf 89' lang='lat' dir='ltr'>ad</span> <span class='ocrx_word' id='word_1_230' title='bbox 703 3604 742 3666; x_wconf 89' lang='lat' dir='ltr'>te,</span> <span class='ocrx_word' id='word_1_231' title='bbox 757 3603 790 3649; x_wconf 97' lang='lat' dir='ltr'>ut</span> <span class='ocrx_word' id='word_1_232' title='bbox 804 3585 983 3650; x_wconf 84' lang='lat' dir='ltr'>desiderium</span> <span class='ocrx_word' id='word_1_233' title='bbox 999 3602 1085 3647; x_wconf 90' lang='lat' dir='ltr'>tuum</span> <span class='ocrx_word' id='word_1_234' title='bbox 1099 3584 1299 3667; x_wconf 86' lang='lat' dir='ltr'>compleatur.</span> <span class='ocrx_word' id='word_1_235' title='bbox 1315 3610 1328 3642; x_wconf 73' lang='lat' dir='ltr'>r</span> <span class='ocrx_word' id='word_1_236' title='bbox 1342 3585 1410 3648; x_wconf 90' lang='lat' dir='ltr'>Hec</span> <span class='ocrx_word' id='word_1_237' title='bbox 1421 3585 1526 3649; x_wconf 84' lang='lat' dir='ltr'>dicens</span> <span class='ocrx_word' id='word_1_238' title='bbox 1541 3609 1594 3649; x_wconf 90' lang='lat' dir='ltr'>an·</span> 
     </span>
     <span class='ocr_line' id='line_1_29' title="bbox 570 3673 1598 3760; baseline 0 -22"><span class='ocrx_word' id='word_1_239' title='bbox 570 3677 665 3760; x_wconf 79' lang='lat' dir='ltr'>gelus,</span> <span class='ocrx_word' id='word_1_240' title='bbox 680 3675 837 3737; x_wconf 90' lang='lat' dir='ltr'>hominem</span> <span class='ocrx_word' id='word_1_241' title='bbox 851 3673 1060 3757; x_wconf 84' lang='lat' dir='ltr'>apprehendit,</span> <span class='ocrx_word' id='word_1_242' title='bbox 1075 3673 1103 3736; x_wconf 77' lang='grc' dir='ltr'>δι</span> <span class='ocrx_word' id='word_1_243' title='bbox 1118 3674 1149 3735; x_wconf 92' lang='lat' dir='ltr'>in</span> <span class='ocrx_word' id='word_1_244' title='bbox 1165 3695 1224 3736; x_wconf 90' lang='lat' dir='ltr'>una</span> <span class='ocrx_word' id='word_1_245' title='bbox 1237 3673 1329 3736; x_wconf 69' lang='lat' dir='ltr'>nolle</span> <span class='ocrx_word' id='word_1_246' title='bbox 1350 3675 1385 3734; x_wconf 90' lang='lat' dir='ltr'>ad</span> <span class='ocrx_word' id='word_1_247' title='bbox 1411 3675 1515 3736; x_wconf 89' lang='lat' dir='ltr'>omnia</span> <span class='ocrx_word' id='word_1_248' title='bbox 1529 3674 1598 3738; x_wconf 84' lang='lat' dir='ltr'>loca</span> 
     </span>
     <span class='ocr_line' id='line_1_30' title="bbox 571 3761 1596 3847; baseline 0.002 -22"><span class='ocrx_word' id='word_1_249' title='bbox 571 3762 745 3847; x_wconf 63' lang='lat' dir='ltr'>spectabilia</span> <span class='ocrx_word' id='word_1_250' title='bbox 759 3780 839 3826; x_wconf 85' lang='lat' dir='ltr'>terre</span> <span class='ocrx_word' id='word_1_251' title='bbox 855 3763 953 3825; x_wconf 75' lang='lat' dir='ltr'>sandle</span> <span class='ocrx_word' id='word_1_252' title='bbox 968 3761 1128 3842; x_wconf 88' lang='lat' dir='ltr'>transtulit,</span> <span class='ocrx_word' id='word_1_253' title='bbox 1142 3762 1172 3826; x_wconf 68' lang='grc' dir='ltr'>ἃ</span> <span class='ocrx_word' id='word_1_254' title='bbox 1186 3764 1292 3826; x_wconf 84' lang='lat' dir='ltr'>eadem</span> <span class='ocrx_word' id='word_1_255' title='bbox 1306 3761 1398 3825; x_wconf 71' lang='lat' dir='ltr'>noble</span> <span class='ocrx_word' id='word_1_256' title='bbox 1412 3764 1523 3826; x_wconf 87' lang='lat' dir='ltr'>retulit.</span> <span class='ocrx_word' id='word_1_257' title='bbox 1539 3763 1596 3827; x_wconf 89' lang='lat' dir='ltr'>Vi-</span> 
     </span>
     <span class='ocr_line' id='line_1_31' title="bbox 571 3851 1597 3934; baseline 0.001 -21"><span class='ocrx_word' id='word_1_258' title='bbox 571 3852 698 3914; x_wconf 89' lang='lat' dir='ltr'>debatur</span> <span class='ocrx_word' id='word_1_259' title='bbox 712 3868 814 3915; x_wconf 89' lang='lat' dir='ltr'>autem</span> <span class='ocrx_word' id='word_1_260' title='bbox 828 3852 872 3913; x_wconf 94' lang='lat' dir='ltr'>illi</span> <span class='ocrx_word' id='word_1_261' title='bbox 888 3852 950 3932; x_wconf 89' lang='lat' dir='ltr'>ipsa</span> <span class='ocrx_word' id='word_1_262' title='bbox 963 3873 1025 3913; x_wconf 87' lang='lat' dir='ltr'>nox</span> <span class='ocrx_word' id='word_1_263' title='bbox 1040 3853 1124 3913; x_wconf 91' lang='lat' dir='ltr'>omni</span> <span class='ocrx_word' id='word_1_264' title='bbox 1139 3853 1188 3913; x_wconf 84' lang='lat' dir='ltr'>die</span> <span class='ocrx_word' id='word_1_265' title='bbox 1200 3851 1340 3930; x_wconf 88' lang='lat' dir='ltr'>lucidior,</span> <span class='ocrx_word' id='word_1_266' title='bbox 1362 3853 1403 3914; x_wconf 89' lang='lat' dir='ltr'>ita</span> <span class='ocrx_word' id='word_1_267' title='bbox 1422 3853 1505 3934; x_wconf 91' lang='lat' dir='ltr'>quod</span> <span class='ocrx_word' id='word_1_268' title='bbox 1529 3873 1597 3915; x_wconf 93' lang='lat' dir='ltr'>om-</span> 
     </span>
     <span class='ocr_line' id='line_1_32' title="bbox 570 3939 1597 4024; baseline 0 -20"><span class='ocrx_word' id='word_1_269' title='bbox 570 3942 657 4004; x_wconf 90' lang='lat' dir='ltr'>nium</span> <span class='ocrx_word' id='word_1_270' title='bbox 671 3942 829 4004; x_wconf 88' lang='lat' dir='ltr'>civitatum</span> <span class='ocrx_word' id='word_1_271' title='bbox 849 3940 964 4020; x_wconf 85' lang='lat' dir='ltr'>Gallie,</span> <span class='ocrx_word' id='word_1_272' title='bbox 987 3940 1175 4024; x_wconf 76' lang='lat' dir='ltr'>Burgundio,</span> <span class='ocrx_word' id='word_1_273' title='bbox 1200 3939 1396 4018; x_wconf 85' lang='lat' dir='ltr'>Lombardie,</span> <span class='ocrx_word' id='word_1_274' title='bbox 1417 3939 1544 4021; x_wconf 87' lang='lat' dir='ltr'>Tuscie,</span> <span class='ocrx_word' id='word_1_275' title='bbox 1568 3940 1597 4004; x_wconf 74' lang='grc' dir='ltr'>δε</span> 
     </span>
     <span class='ocr_line' id='line_1_33' title="bbox 572 4026 1597 4113; baseline -0.001 -20"><span class='ocrx_word' id='word_1_276' title='bbox 572 4048 649 4094; x_wconf 91' lang='lat' dir='ltr'>terre</span> <span class='ocrx_word' id='word_1_277' title='bbox 663 4030 761 4092; x_wconf 78' lang='lat' dir='ltr'>landle</span> <span class='ocrx_word' id='word_1_278' title='bbox 785 4032 863 4110; x_wconf 89' lang='lat' dir='ltr'>loca,</span> <span class='ocrx_word' id='word_1_279' title='bbox 878 4026 1096 4113; x_wconf 83' lang='lat' dir='ltr'>dispositiones,</span> <span class='ocrx_word' id='word_1_280' title='bbox 1110 4027 1139 4091; x_wconf 79' lang='lat' dir='ltr'>dt</span> <span class='ocrx_word' id='word_1_281' title='bbox 1153 4029 1223 4092; x_wconf 88' lang='lat' dir='ltr'>litus</span> <span class='ocrx_word' id='word_1_282' title='bbox 1237 4030 1294 4107; x_wconf 87' lang='lat' dir='ltr'>his,</span> <span class='ocrx_word' id='word_1_283' title='bbox 1308 4029 1359 4112; x_wconf 88' lang='lat' dir='ltr'>qui</span> <span class='ocrx_word' id='word_1_284' title='bbox 1387 4045 1480 4091; x_wconf 82' lang='lat' dir='ltr'>terras</span> <span class='ocrx_word' id='word_1_285' title='bbox 1501 4052 1597 4092; x_wconf 89' lang='lat' dir='ltr'>nove-</span> 
     </span>
     <span class='ocr_line' id='line_1_34' title="bbox 572 4115 1597 4202; baseline -0.002 -19"><span class='ocrx_word' id='word_1_286' title='bbox 572 4135 639 4183; x_wconf 89' lang='lat' dir='ltr'>rant</span> <span class='ocrx_word' id='word_1_287' title='bbox 664 4119 872 4202; x_wconf 86' lang='lat' dir='ltr'>propriiffime,</span> <span class='ocrx_word' id='word_1_288' title='bbox 896 4119 1072 4202; x_wconf 81' lang='lat' dir='ltr'>designaret.</span> <span class='ocrx_word' id='word_1_289' title='bbox 1095 4115 1292 4180; x_wconf 89' lang='lat' dir='ltr'>Postmodum</span> <span class='ocrx_word' id='word_1_290' title='bbox 1307 4138 1380 4180; x_wconf 90' lang='lat' dir='ltr'>vero</span> <span class='ocrx_word' id='word_1_291' title='bbox 1405 4117 1519 4180; x_wconf 68' lang='lat' dir='ltr'>saltum</span> <span class='ocrx_word' id='word_1_292' title='bbox 1545 4119 1597 4198; x_wconf 88' lang='lat' dir='ltr'>est,</span> 
     </span>
     <span class='ocr_line' id='line_1_35' title="bbox 572 4209 1596 4292; baseline -0.003 -20"><span class='ocrx_word' id='word_1_293' title='bbox 572 4227 604 4272; x_wconf 94' lang='lat' dir='ltr'>ut</span> <span class='ocrx_word' id='word_1_294' title='bbox 618 4210 742 4272; x_wconf 89' lang='lat' dir='ltr'>hortatu</span> <span class='ocrx_word' id='word_1_295' title='bbox 757 4209 959 4291; x_wconf 89' lang='lat' dir='ltr'>quorumdam</span> <span class='ocrx_word' id='word_1_296' title='bbox 974 4210 1158 4270; x_wconf 91' lang='lat' dir='ltr'>devotorum</span> <span class='ocrx_word' id='word_1_297' title='bbox 1172 4210 1320 4287; x_wconf 90' lang='lat' dir='ltr'>virorum,</span> <span class='ocrx_word' id='word_1_298' title='bbox 1340 4209 1450 4292; x_wconf 91' lang='lat' dir='ltr'>quibus</span> <span class='ocrx_word' id='word_1_299' title='bbox 1464 4211 1524 4272; x_wconf 92' lang='lat' dir='ltr'>hoc</span> <span class='ocrx_word' id='word_1_300' title='bbox 1546 4229 1596 4270; x_wconf 92' lang='lat' dir='ltr'>ne·</span> 
     </span>
     <span class='ocr_line' id='line_1_36' title="bbox 570 4292 1596 4384; baseline -0.005 -21"><span class='ocrx_word' id='word_1_301' title='bbox 570 4320 642 4384; x_wconf 84' lang='lat' dir='ltr'>gare</span> <span class='ocrx_word' id='word_1_302' title='bbox 655 4320 719 4362; x_wconf 92' lang='lat' dir='ltr'>non</span> <span class='ocrx_word' id='word_1_303' title='bbox 734 4313 861 4380; x_wconf 86' lang='lat' dir='ltr'>poterat,</span> <span class='ocrx_word' id='word_1_304' title='bbox 872 4292 947 4360; x_wconf 89' lang='lat' dir='ltr'>curri</span> <span class='ocrx_word' id='word_1_305' title='bbox 959 4297 1018 4359; x_wconf 88' lang='lat' dir='ltr'>illis</span> <span class='ocrx_word' id='word_1_306' title='bbox 1032 4317 1157 4358; x_wconf 88' lang='lat' dir='ltr'>crucem</span> <span class='ocrx_word' id='word_1_307' title='bbox 1172 4295 1383 4380; x_wconf 59' lang='lat' dir='ltr'>susciperea&amp;</span> <span class='ocrx_word' id='word_1_308' title='bbox 1402 4317 1509 4360; x_wconf 90' lang='lat' dir='ltr'>eorum</span> <span class='ocrx_word' id='word_1_309' title='bbox 1534 4297 1596 4359; x_wconf 89' lang='lat' dir='ltr'>dux</span> 
     </span>
    </p>
   </div>
   <div class='ocr_carea' id='block_1_8' title="bbox 0 0 1868 5628">
    <p class='ocr_par' dir='ltr' id='par_1_9' title="bbox 0 0 1868 5628">
     <span class='ocr_line' id='line_1_37' title="bbox 0 0 1868 5628; baseline 0 0"><span class='ocrx_word' id='word_1_310' title='bbox 0 0 1868 5628; x_wconf 95' lang='lat' dir='ltr'> </span> 
     </span>
    </p>
   </div>
  </div>
 </body>
</html>
