3716 5628
486 548 496 604 r
516 545 580 637 59.
620 506 795 606 ‘slromos
815 508 1085 639 Spalotenfir.
1203 539 1282 630 231

266 801 363 864 copus
385 783 490 845 mortis
510 781 648 854 debitum
669 778 767 860 solvit,
790 779 923 863 sepultus
942 802 1016 844 vero
1038 781 1081 844 est
1094 784 1178 846 iuxta
1190 784 1292 846 eccle·
1308 786 1365 831 ¹²¹⁷

266 869 336 934 stam
351 870 379 934 S.
393 869 532 952 Domnij.
549 867 691 934 Protinus
706 884 808 932 autem
823 891 877 932 rex
891 868 971 933 misit
983 873 1020 933 ad
1036 871 1202 936 canonicos
1216 871 1292 955 Spa·

266 959 392 1024 latenses
414 981 533 1044 rogans,
557 958 587 1022 &
610 957 779 1036 consulens,
803 975 837 1021 ut
861 959 1007 1042 eligerent
1030 960 1068 1024 de
1086 962 1216 1040 clericis,
1239 962 1291 1044 qui

266 1050 348 1112 circa
371 1048 469 1131 ipsum
492 1063 586 1126 erant,
616 1048 747 1110 maxime
776 1048 901 1130 quidam
925 1049 1052 1114 instabat
1077 1073 1133 1134 pro
1157 1051 1291 1135 quodam

266 1138 445 1201 Alexandro
467 1135 601 1221 physico,
623 1137 676 1220 qui
695 1152 761 1200 erat
777 1138 823 1200 vir
847 1137 1043 1202 litteratus&
1063 1140 1216 1218 honestus,
1241 1159 1294 1223 per

266 1249 359 1311 quem
379 1224 504 1290 ecclesie
519 1243 660 1310 poterant
675 1224 770 1287 multa
784 1227 949 1288 commoda
964 1229 1130 1309 provenire.
1156 1227 1214 1290 Sed
1229 1249 1292 1290 non

264 1317 321 1380 fuit
333 1317 440 1400 petitio
455 1316 533 1398 regis
547 1310 680 1393 admissa,
694 1315 840 1397 quoniam
852 1313 991 1376 aliorsum
1007 1316 1150 1380 tendebat
1164 1316 1293 1380 intentio

266 1405 427 1468 seniorum.
442 1402 561 1467 Interea
572 1423 624 1465 rex
636 1423 727 1466 naves
742 1400 885 1486 ingressus
900 1403 1073 1484 dispositum
1085 1405 1212 1486 arripuit
1226 1407 1293 1467 iter.

264 1493 451 1577 Spalatenses
465 1514 539 1554 vero
571 1492 722 1554 dederunt
755 1491 781 1553 ei
811 1489 903 1574 usque
932 1491 1132 1555 Dirrachium
1164 1493 1294 1556 duarum

264 1584 420 1668 galearum
440 1580 641 1644 condustum:
667 1602 730 1642 non
746 1581 846 1662 potuit
868 1603 919 1644 rex
936 1597 1053 1644 tantum
1078 1583 1188 1644 habere
1209 1581 1294 1644 navi·

264 1672 360 1756 glum,
384 1670 467 1753 quod
487 1669 634 1731 sufficeret
657 1667 694 1731 ad
711 1667 874 1752 passagium
900 1671 1043 1733 omnibus
1057 1691 1149 1733 cruce
1164 1666 1295 1754 signatis,

265 1758 465 1843 quamobrem
488 1757 660 1820 necessitate
684 1753 832 1840 compulsi
854 1757 903 1841 alij
926 1758 1080 1822 redierunt
1101 1758 1137 1822 ad
1160 1761 1294 1842 propria,

265 1848 313 1930 alij
330 1869 405 1910 vero
420 1846 659 1927 expeslaverunt
673 1844 765 1928 usque
780 1847 815 1909 ad
832 1867 946 1908 annum
961 1846 1145 1931 sequentem.
1172 1846 1293 1910 Eodem

265 1953 402 2019 tempore
418 1935 587 2017 Stephanus
611 1933 755 1998 dominus
769 1933 882 2012 Servie,
907 1935 965 1998 sive
987 1935 1104 2014 Rascie,
1129 1936 1180 2019 qui
1197 1935 1294 2018 Mega

263 2022 419 2109 Iuppanus
430 2021 649 2105 appellabatur,
663 2021 751 2084 millis
764 2023 948 2106 apocrisariis
959 2026 995 2088 ad
1009 2023 1182 2088 Romanam
1193 2023 1294 2087 sedem

265 2113 437 2196 impetravit
461 2110 498 2173 ab
521 2109 664 2173 Honorio
689 2110 807 2173 summo
832 2110 976 2194 pontifice
997 2133 1143 2176 coronam
1158 2113 1294 2196 regiam3

264 2203 374 2265 direxit
388 2219 521 2283 namque
535 2197 667 2280 legatum
688 2220 705 2261 a
724 2197 818 2262 latere
840 2200 902 2279 suo,
926 2202 978 2284 qui
992 2203 1119 2266 veniens
1133 2199 1294 2264 coronavit

263 2313 335 2354 eum
351 2289 544 2372 primumque
558 2287 714 2349 constituit
731 2308 835 2370 regem
858 2305 935 2352 terre
950 2289 1008 2351 sue.
1031 2291 1075 2352 At
1087 2311 1138 2352 rex
1154 2290 1293 2352 Andreas

264 2380 301 2442 ad
318 2394 417 2460 partes
432 2376 517 2459 Syrie
538 2375 720 2438 transvessus
742 2398 887 2461 magnum
903 2394 1019 2440 metum
1035 2377 1193 2441 incusserat
1207 2377 1293 2440 Sara-

264 2467 358 2546 cenis,
381 2464 540 2547 explicatis
555 2461 701 2546 siquidem
717 2464 766 2528 sue
781 2465 889 2528 militie
903 2467 1002 2548 copiis
1017 2466 1091 2529 abiit
1105 2466 1171 2530 satis
1187 2464 1294 2548 procul

264 2553 421 2637 aregione
442 2551 594 2613 maritima
612 2573 789 2634 expugnans
807 2553 912 2632 castra,
935 2552 966 2616 δι
979 2553 1078 2633 villas,
1097 2553 1127 2617 δι
1145 2552 1294 2616 obstantia

265 2663 388 2728 queque
402 2638 596 2703 conculcans.
620 2640 676 2702 Sed
694 2641 796 2704 invida
809 2642 942 2706 fatorum
956 2642 1045 2706 series
1061 2642 1195 2725 preclara
1209 2641 1294 2723 prin-

264 2734 341 2817 cipis
365 2729 535 2814 prepedivit
554 2728 684 2810 incepta,
706 2751 762 2792 nec
784 2730 882 2793 bonos
896 2726 988 2813 ipsius
1002 2728 1148 2794 successus
1164 2728 1294 2814 permisit

264 2819 389 2902 ulterius
403 2816 547 2900 progredi
563 2816 721 2881 Lucanus:

383 2947 634 3098 §melissam
640 2947 731 3036 series
737 2945 910 3038 sumnu'sque
923 2965 1053 3032 negatum

402 3050 465 3099 tare
499 3059 527 3098 tu
542 3082 639 3098 .....

303 3159 388 3224 Ecce
411 3161 525 3223 etenim
548 3159 647 3223 nescio
670 3182 708 3223 an
733 3161 855 3224 suorum
879 3185 916 3224 an
941 3178 1156 3226 extraneorum
1180 3161 1294 3227 nefaria

264 3251 418 3314 temeritas
433 3253 513 3334 regis
528 3251 719 3313 machinatur
733 3251 763 3312 in
779 3267 920 3332 mortem,
939 3251 1093 3334 impiaque
1108 3271 1214 3316 manus
1229 3250 1294 3314 dia·

186 3367 190 3374 -
264 3337 373 3402 bolicis
388 3355 502 3403 armata
517 3337 655 3402 versutiis
669 3355 852 3402 venenatum
870 3341 898 3401 ei
920 3341 1059 3402 haustum
1077 3339 1227 3423 propinat.
1244 3339 1292 3403 Ex

263 3449 326 3510 quo
348 3427 458 3492 scelere
478 3428 529 3490 vix
552 3429 659 3490 mortis
681 3427 782 3510 potuit
800 3426 969 3509 periculum
991 3430 1112 3491 evitare.
1134 3427 1292 3491 Necdum

262 3535 337 3577 vero
352 3514 476 3578 sanitate
498 3513 536 3577 ad
555 3515 706 3598 integrum
725 3530 902 3597 recuperata
926 3514 1072 3578 redeundi
1087 3516 1170 3598 cepit
1183 3515 1293 3579 habere

263 3601 463 3684 propositum,
487 3625 605 3682 verens,
627 3603 654 3666 se
677 3602 823 3686 suumque
837 3624 966 3686 regnum
980 3604 1011 3666 in
1027 3617 1146 3666 tanturn
1161 3602 1293 3685 precipi-

263 3705 327 3753 tare
349 3691 523 3771 discrimen,
545 3691 731 3774 credensque
755 3691 793 3755 de
818 3691 869 3754 suo
894 3708 969 3756 voto
994 3692 1125 3775 pleniter
1151 3690 1292 3755 Domino

263 3776 454 3861 misfactum,
468 3781 578 3863 incipit
590 3802 662 3843 cum
676 3781 761 3844 omni
776 3781 924 3844 comitatu
940 3780 992 3843 suo
1010 3781 1046 3844 ad
1063 3781 1159 3864 patrie
1174 3779 1291 3866 regredi

262 3865 347 3934 fines.
372 3869 487 3934 Noluit
500 3885 603 3933 autem
617 3869 742 3932 ulterius
761 3869 886 3933 marinis
909 3869 937 3932 se
952 3871 1145 3932 committere
1166 3867 1293 3947 casibus,

262 3954 311 4020 sed
335 3979 389 4039 per
402 3973 515 4022 terram
536 3958 731 4036 iterfaciens,
751 3959 835 4021 venit
849 3958 1060 4037 Antiochiam,
1083 3957 1193 4021 deinde
1208 3973 1291 4021 tran-

264 4041 330 4110 sivit
350 4048 382 4112 in
398 4047 557 4127 Greciam,
581 4047 634 4110 ubi
649 4048 793 4111 affinitate
814 4047 969 4110 commeta
989 4069 1060 4111 cum
1076 4047 1205 4112 Lascaro
1220 4067 1292 4130 rege

264 4133 449 4214 Grecorum,
474 4136 553 4200 ultra
568 4137 771 4220 progreditur,
794 4138 913 4220 accepit
936 4136 1019 4200 enim
1041 4135 1213 4200 filiameius
1226 4134 1292 4198 filio

264 4221 316 4286 suo
336 4225 543 4307 primogenito
558 4224 633 4287 Bele
652 4228 682 4287 in
702 4246 841 4305 uxorem,
865 4226 975 4288 exinde
997 4226 1161 4309 peragratis
1176 4223 1292 4290 Grecie

263 4310 384 4392 finibus,
409 4311 543 4378 ascendit
556 4315 587 4376 in
602 4311 789 4397 Bulgariam,
813 4314 864 4377 ubi
885 4313 923 4376 ab
939 4314 1065 4393 Oxano,
1089 4313 1291 4396 Bulgarorum
