3726 5628
563 540 644 654 146
702 540 944 671 ‘Testimonin
968 541 1010 632 in
1036 539 1253 633 Germania
1263 541 1446 666 scripto.

480 820 539 866 ¹²¹4
551 804 723 888 implorabat
747 803 1002 885 misericordiam,
1026 827 1098 868 cum
1122 827 1195 869 ecce
1219 805 1335 890 signum
1360 805 1460 869 sancte
1484 806 1617 874 crucier·
1633 824 1677 872 ¹93

551 894 694 957 omnibus
715 896 752 957 ad
778 895 963 956 audiendum
987 895 1114 958 verbum
1136 895 1199 959 Dei
1223 893 1487 958 circumstantibus
1511 916 1583 957 curn

552 981 698 1044 immenso
712 982 859 1045 claritatis
874 981 993 1065 fulgore
1010 984 1039 1046 in
1054 983 1122 1047 celo
1138 985 1288 1067 apparuit,
1308 983 1430 1067 ipseque
1446 983 1584 1067 magister

550 1067 703 1134 Iohannes
714 1069 840 1153 strepitu
853 1069 1065 1136 tumultuantis
1081 1073 1187 1156 populi
1199 1074 1327 1152 excitus,
1343 1093 1421 1156 quos
1435 1074 1467 1134 in
1482 1072 1583 1156 predi-

550 1157 649 1221 cando
664 1159 781 1242 semper
801 1159 917 1224 clausos
932 1160 1056 1224 tenebat
1076 1161 1184 1225 oculos
1199 1164 1348 1244 aperiens,
1369 1182 1494 1224 crucem
1508 1157 1584 1224 stcut

549 1248 640 1309 ceteri
661 1245 690 1308 δι
711 1246 773 1329 ipse
792 1245 928 1310 similiter
949 1248 1036 1329 vidit,
1060 1250 1137 1312 mira
1157 1270 1204 1312 res
1229 1249 1316 1313 &ad
1340 1248 1583 1314 confirmandam

550 1336 656 1420 populi
677 1334 770 1398 fidem
794 1339 890 1420 magis
916 1337 1069 1421 magisque
1094 1337 1154 1422 ipsa
1173 1339 1216 1400 rei
1242 1339 1362 1403 novitas
1386 1338 1582 1405 ammiranda

548 1424 633 1487 Nam
648 1425 701 1510 hij,
722 1429 775 1512 qui
796 1428 886 1491 rebus
901 1426 1122 1510 temporalibus
1137 1425 1317 1504 insistebant,
1338 1427 1583 1492 vociferantes&

549 1512 659 1576 sursum
681 1515 858 1597 aspicientes
883 1515 1080 1596 mirabantur,
1105 1517 1208 1600 agnita
1227 1537 1300 1580 vero
1325 1517 1367 1578 rei
1389 1518 1527 1597 veritate,
1552 1518 1583 1580 in

548 1603 650 1666 celum
673 1605 824 1669 intuentes
846 1626 918 1667 cum
941 1604 1041 1688 ni[hil]
1058 1604 1188 1690 vi[de]re
1204 1603 1356 1688 [po]llent,
1373 1605 1584 1690 obstupesadli,

549 1690 664 1757 relidlis
690 1692 843 1776 [cundl]is,
868 1693 979 1778 quibus
1005 1692 1253 1777 implicabant[ut
1274 1693 1435 1777 negolciis,
1455 1697 1509 1774 eis,
1530 1696 1582 1779 qui

548 1781 641 1843 verbo
664 1779 727 1844 Dei
742 1782 929 1845 adherebant
943 1781 1001 1844 sese
1016 1784 1127 1845 devote
1145 1783 1372 1845 coniunxerunt
1378 1809 1387 1860 3
1411 1782 1468 1846 acsi
1489 1786 1583 1847 corde

548 1871 717 1952 conpund'ri
737 1892 808 1933 cum
823 1873 931 1934 ceteris
946 1870 976 1933 δι
991 1869 1045 1954 ipst
1064 1893 1189 1934 crucem
1204 1872 1361 1948 viderunt5
1385 1871 1466 1934 unde
1480 1893 1519 1936 eo
1534 1873 1583 1935 die

550 1957 618 2041 plus
634 1980 725 2041 quam
741 1959 826 2023 mille
841 1961 999 2044 quingenti
1015 1981 1137 2023 crucem
1153 1960 1349 2043 sumpserunt.
1363 1957 1444 2023 Item
1459 1961 1489 2022 in
1505 1977 1584 2025 terra

549 2045 762 2110 Friscenorum
786 2047 866 2131 apud
892 2049 1048 2111 civitatem
1074 2050 1227 2133 quandam
1253 2048 1429 2127 Holovero,
1459 2049 1583 2113 maioris

549 2133 673 2199 ecclefie
702 2138 732 2199 in
762 2137 896 2201 Colonia
920 2136 1093 2216 scolastico,
1121 2154 1261 2220 tempore
1289 2137 1424 2221 quodam
1453 2137 1582 2201 verbum

548 2226 648 2288 crucis
673 2223 860 2307 predicante,
884 2224 971 2288 simili
997 2228 1091 2291 modo
1116 2246 1190 2289 crux
1214 2229 1246 2289 in
1271 2225 1340 2290 celo
1364 2227 1432 2289 miri
1457 2225 1582 2310 firlgoris

548 2313 705 2463 apparuit3
721 2335 783 2396 quo
798 2313 861 2376 viso
876 2313 938 2397 ipsa
952 2314 1001 2377 die
1016 2313 1252 2379 innumerabiles
1267 2313 1371 2399 signati
1387 2314 1461 2379 sunt.
1596 2337 1617 2382 r·
1632 2335 1678 2383 ¹94

605 2400 656 2485 pso
678 2423 759 2470 anno
775 2401 956 2484 Saphatinus
976 2423 1047 2465 cum
1068 2401 1138 2466 filiis
1153 2403 1252 2466 fratris
1273 2401 1316 2466 sui
1330 2400 1454 2466 Salatini
1470 2422 1581 2466 recon-

548 2488 678 2572 ciliatus,
709 2491 844 2552 exercitu
867 2492 979 2573 pariter
1005 2507 1200 2574 congregato,
1224 2486 1433 2553 lerosolimam
1460 2489 1583 2568 adeunt,

547 2595 673 2662 repente
687 2577 775 2662 super
790 2580 958 2662 inprovisos
969 2579 999 2642 δι
1010 2579 1105 2642 nichil
1121 2577 1193 2641 mali
1208 2578 1388 2660 suspicantes
1402 2577 1582 2644 christianos

547 2667 678 2746 irruunt,
701 2687 820 2750 pacem,
834 2687 928 2749 quam
954 2667 1054 2729 adhuc
1068 2666 1188 2729 duobus
1214 2667 1300 2730 annis
1327 2666 1503 2729 servandam
1528 2665 1582 2729 sub

548 2752 734 2817 sacramento
765 2755 924 2818 iuramenti
950 2753 1213 2833 confirmaverant,
1244 2769 1401 2836 rumpunt,
1435 2753 1581 2840 sternunt,

546 2843 682 2924 capiunt,
696 2843 853 2922 occidunt,
865 2842 962 2923 villas,
973 2844 1069 2922 vicos,
1084 2841 1184 2922 urbes,
1198 2842 1301 2921 castra,
1311 2842 1432 2906 castella
1445 2842 1580 2926 capiunt,

548 2931 705 3013 diripiunt,
719 2930 887 3011 destruunt,
901 2935 1048 3015 omnique
1063 2930 1243 2994 crudelitate
1259 2946 1439 3014 perpetrata,
1463 2929 1581 3015 reliqua

547 3019 788 3104 circumquaque
804 3019 900 3102 posita
913 3019 1004 3083 effera
1017 3035 1119 3083 mente
1134 3019 1256 3105 aggredi
1271 3018 1345 3082 sunt.
1362 3019 1433 3083 Hoc
1448 3020 1581 3083 mirabili

547 3106 775 3170 casuchristiani
785 3105 878 3170 nirnis
888 3107 1050 3186 humiliati,
1061 3107 1258 3186 calamitates,
1269 3107 1479 3187 contritiones,
1490 3107 1581 3170 cedes

547 3194 728 3274 occisorum,
753 3194 971 3259 desolationem
991 3195 1094 3259 Terre
1116 3197 1225 3260 Sandle
1246 3195 1345 3259 statim
1368 3217 1440 3260 cum
1462 3196 1581 3260 festina-

547 3285 631 3347 tione
653 3284 782 3347 domino
814 3305 891 3368 pape
913 3283 1048 3348 Romam
1072 3285 1253 3350 denuntiare
1276 3301 1459 3348 curaverunt
1478 3283 1509 3348 δι
1527 3282 1580 3346 nist

547 3370 601 3435 fibi
615 3373 743 3437 celerius
757 3372 990 3454 succurreretur,
1006 3374 1100 3457 ipsum
1112 3375 1270 3437 modicum
1281 3389 1370 3453 terre,
1384 3373 1467 3458 quod
1480 3371 1580 3434 adhuc

546 3476 715 3547 utcumque
734 3478 837 3526 tenere
857 3463 1049 3542 videbantur,
1071 3463 1101 3525 iu
1118 3462 1201 3525 brevi
1217 3460 1244 3524 se
1260 3457 1417 3524 amissuros
1431 3459 1579 3522 veriffime

546 3549 739 3615 testabantur.
770 3549 847 3638 Quo
876 3550 948 3614 tristi
972 3553 1082 3614 nuntio
1110 3573 1189 3634 papa
1219 3549 1420 3634 universoque
1444 3546 1578 3611 concilio

546 3639 676 3701 nimium
698 3654 801 3701 mente
826 3637 1030 3719 consternato,
1055 3637 1128 3723 quid
1151 3637 1315 3721 superbae
1336 3653 1398 3698 tam
1420 3635 1578 3719 repentina

546 3727 632 3789 clade
647 3727 684 3790 ad
700 3727 821 3811 presens
836 3747 914 3810 opus
925 3725 1006 3808 esset,
1022 3729 1074 3791 diu
1090 3749 1125 3790 ac
1139 3725 1207 3790 satis
1221 3724 1370 3789 subtiliter
1382 3724 1420 3788 ab
1435 3723 1579 3787 omnibus

546 3815 745 3879 deliberatum
771 3815 822 3878 est.
852 3813 1013 3902 Quoniam
1039 3817 1130 3899 igitur
1154 3814 1309 3898 expeditio
1334 3813 1494 3898 generalis,
1517 3831 1578 3896 que

547 3904 718 3968 universalis
741 3903 864 3987 concilij
889 3904 991 3967 edifio
1013 3905 1043 3967 in
1066 3905 1201 3967 futurum
1220 3923 1334 3966 annum
1355 3903 1435 3965 inter
1450 3899 1578 3964 diversas

546 3989 647 4053 causas
662 3991 816 4073 protradla
835 3989 941 4068 suerat,
966 3990 1058 4053 laxari
1081 3991 1123 4053 fas
1144 4012 1207 4053 non
1228 4005 1302 4068 erat,
1324 3989 1468 4053 omnibus
1482 3988 1510 4052 se
1525 4009 1578 4051 ex-

546 4077 649 4160 pedire
657 4077 904 4142 valentibus&in
916 4079 1086 4142 continenti
1099 4080 1129 4141 in
1138 4079 1264 4141 nomine
1272 4076 1404 4141 Domini
1416 4079 1458 4142 ire
1469 4076 1577 4141 volen-

546 4168 626 4232 tibus
636 4188 708 4230 cum
720 4167 933 4232 benedictione
945 4166 1111 4252 apostolica
1121 4166 1310 4251 indulgentia
1320 4167 1577 4231 eundiadomino

546 4277 624 4342 papa
638 4255 834 4340 indulgetur.
849 4301 856 4317 .
872 4299 879 4318 .
895 4301 902 4317 .

424 2406 429 2415 “
475 2415 533 2464 ¹2¹5
