3726 5628
580 523 662 646 158
753 523 995 650 ‘sestimonio
1016 523 1057 614 in
1084 519 1226 614 Gallia
1237 520 1420 646 foripra.
1470 471 1476 486 i

571 785 737 848 secundum
754 805 869 847 annum
888 785 935 847 vel
956 785 1087 867 amplius
1102 784 1132 847 dr
1147 785 1277 868 prefatus
1297 785 1359 846 dux
1384 779 1548 846 advenisset
1568 784 1597 847 dt

571 872 703 956 populus
717 870 893 936 excrevisset
912 874 943 935 in
967 874 1099 953 civitate,
1120 873 1235 936 sadum
1257 872 1300 935 est
1324 873 1362 934 de
1385 871 1511 934 consilio
1530 895 1598 957 pre-

571 961 622 1023 fati
638 961 734 1040 ducis,
749 976 783 1022 ut
795 961 890 1039 aiunt,
902 960 933 1022 dr
947 959 1036 1043 legati
1061 960 1136 1024 sedis
1157 959 1362 1044 apostolice&
1378 957 1509 1023 aliorum
1532 980 1597 1023 rec·

572 1065 672 1112 torum
702 1047 819 1130 populi,
849 1066 883 1111 ut
908 1048 995 1112 multi
1020 1070 1091 1111 cum
1115 1045 1227 1111 eisdem
1252 1049 1470 1132 egrederentur
1492 1048 1529 1110 de
1553 1049 1597 1110 ci·

570 1138 662 1200 vitate
691 1137 726 1198 ad
756 1137 971 1219 occupandum
994 1138 1147 1221 quendam
1175 1137 1280 1219 locum
1330 1158 1366 1199 ro
1396 1135 1596 1200 construenda

555 1221 684 1294 ibidem
705 1223 786 1286 nova
806 1225 928 1286 civitate
949 1240 1056 1286 contra
1077 1225 1269 1288 Sarracenos.
1289 1160 1366 1287 diat
1388 1240 1491 1286 autem
1510 1224 1596 1287 locus

571 1312 622 1376 ille
637 1313 715 1375 inter
728 1312 805 1374 duos
819 1311 929 1376 fluvios
943 1312 974 1374 in
989 1311 1101 1396 angulo
1117 1310 1197 1392 situs,
1211 1312 1263 1375 ubi
1279 1314 1405 1396 quidam
1420 1330 1539 1375 torrens
1559 1314 1597 1375 de

571 1401 726 1464 montibus
737 1401 853 1463 Arabie
868 1400 995 1465 cadebat
1008 1401 1039 1463 in
1055 1401 1166 1464 Nilum
1188 1400 1325 1466 fluvium.
1348 1401 1493 1484 Cumque
1512 1401 1598 1463 audi·

570 1507 618 1553 ret
630 1490 790 1569 Soldanus,
805 1491 919 1553 ibidem
940 1489 1091 1552 demorari
1110 1491 1262 1572 principes
1277 1488 1307 1551 δι
1322 1489 1492 1552 exercitum
1506 1487 1598 1552 chtis-

571 1579 735 1657 tianorum,
750 1578 823 1641 fecit
835 1599 929 1662 aquas
945 1578 1034 1662 ipsius
1050 1579 1193 1642 torrentis
1207 1579 1238 1640 in
1258 1579 1391 1662 quadam
1406 1577 1598 1640 concavitate

570 1666 600 1729 δι
615 1665 693 1730 valle
708 1669 862 1730 montium
877 1667 1012 1745 retineri,
1023 1683 1056 1729 ut
1070 1666 1185 1729 ibidem
1199 1666 1407 1730 excrescerent
1418 1667 1449 1728 in
1466 1665 1598 1728 maxima

570 1756 748 1839 quantitate.
763 1756 908 1839 Cumque
922 1754 1074 1818 christiani
1095 1752 1225 1818 fixissent
1239 1756 1369 1823 tentoria
1383 1756 1433 1818 sua
1447 1753 1477 1817 dr
1497 1753 1599 1815 menia

571 1841 732 1925 posuissent
758 1845 788 1906 in
812 1843 928 1925 prefato
950 1843 1032 1923 loco,
1046 1842 1202 1906 ·Soldanus
1221 1864 1274 1906 rex
1297 1863 1369 1905 cum
1388 1843 1521 1905 exercitu
1546 1839 1598 1902 suo

570 1933 654 2013 cepit
674 1932 838 1995 adventare
867 1931 897 1994 dt
926 1933 964 1994 de
994 1931 1086 1994 noste
1110 1931 1187 1993 inllit
1211 1931 1323 1993 dimitti
1337 1951 1431 2014 aquas
1455 1930 1599 1994 torrentis

570 2018 658 2102 super
672 2019 764 2082 castra
778 2019 1018 2082 christianorum.
1038 2020 1201 2102 Surgentes
1223 2019 1326 2102 itaque
1350 2019 1389 2081 de
1412 2039 1512 2097 mane,
1536 2033 1599 2080 tam

570 2109 711 2171 homines
725 2129 818 2192 quam
832 2109 902 2192 equi
918 2106 1064 2171 steterunt
1079 2109 1109 2171 in
1125 2107 1211 2190 aquis
1227 2107 1407 2190 profundis3
1422 2122 1599 2169 tunccoan·

570 2197 702 2280 gustatos
720 2197 799 2280 ipsos
827 2218 898 2259 cum
922 2197 1059 2261 exercitu
1080 2196 1282 2260 circumdedit
1299 2195 1459 2259 soldanus
1481 2193 1599 2278 Fugam

570 2307 644 2350 vero
656 2307 718 2349 non
732 2285 923 2348 invenientes
938 2305 1037 2367 neque
1055 2285 1180 2366 copiam
1199 2283 1350 2348 resistendi
1365 2283 1522 2360 habentes,
1533 2297 1599 2344 tan-

476 2423 496 2456 „
571 2395 664 2458 quam
679 2375 709 2437 in
727 2390 828 2437 morte
842 2373 928 2456 positi
945 2395 1001 2455 pro
1016 2373 1078 2435 vita
1091 2373 1250 2436 retinenda
1267 2371 1424 2434 humiliter
1449 2369 1600 2454 supplica·

367 2541 369 2550 y
499 2465 502 2476 '
572 2462 653 2525 bant.
666 2460 791 2549 Quibus
805 2455 954 2525 Soldanus
970 2477 1125 2544 tamquam
1142 2461 1248 2544 pius&
1263 2461 1361 2524 bonus
1370 2459 1465 2523 vitam
1476 2456 1600 2521 conces·
1633 2521 1636 2526 ,

372 2589 375 2608 ,ι
402 2562 405 2580 ·
434 2536 438 2559 '
507 2575 533 2641 Ί,μ
571 2546 650 2612 sit&
668 2550 800 2613 reditum
820 2551 857 2611 ad
880 2548 929 2611 sua
961 2547 1012 2611 tali
1037 2550 1232 2628 condicione,
1253 2563 1402 2632 quatenus
1421 2547 1599 2610 Damiatam

385 2639 389 2648 '
477 2668 481 2683 »
570 2637 623 2700 sibi
636 2636 833 2701 restituerent.
849 2636 891 2700 Et
905 2659 943 2700 ne
962 2639 1137 2701 viderentur
1159 2637 1312 2700 christiani
1332 2639 1363 2699 in
1390 2636 1598 2719 posseslionem

479 2773 482 2782 .
571 2726 704 2788 eiusdem
725 2727 856 2789 civitatis
871 2724 999 2806 intrasse,
1013 2722 1073 2789 sive
1083 2727 1147 2788 iure
1162 2725 1245 2805 belli,
1259 2722 1319 2788 five
1333 2723 1599 2810 alioquocumque

444 2817 477 2858 =‘
571 2817 646 2893 iure,
660 2814 761 2877 slatuit
782 2830 816 2877 ut
835 2811 942 2899 singuli
964 2815 1105 2877 homines
1124 2813 1287 2894 christiani,
1312 2810 1479 2897 quiessent
1502 2812 1533 2874 in
1554 2833 1600 2891 ea,

395 2887 403 2916 ‘
572 2923 628 2986 pro
656 2902 738 2964 exitu
763 2901 793 2964 δι
819 2902 999 2967 liberatione
1031 2903 1082 2966 sua
1109 2901 1259 2966 solverent
1290 2900 1466 2985 starlingum
1494 2921 1598 2964 unum.

394 2984 454 3047 Γ
571 2990 682 3075 Sicque
704 2993 818 3056 fabium
851 2992 904 3073 est,
926 3010 959 3056 ut
986 2993 1140 3055 exercitus
1166 2991 1352 3071 christianus,
1374 2993 1427 3075 qui
1458 2991 1542 3073 prius
1569 2991 1598 3052 in

302 3071 306 3082 '
571 3079 709 3161 superbia
722 3081 753 3145 δι
766 3085 798 3144 in
819 3079 960 3145 abusione
982 3083 1089 3160 elatus,
1116 3079 1227 3163 absque
1253 3079 1325 3143 Deo
1348 3081 1378 3142 in
1407 3079 1465 3143 suis
1484 3079 1599 3141 viribus

571 3166 739 3250 confidens,
756 3169 900 3233 fiduciam
923 3169 1052 3233 habebat
1075 3169 1207 3248 inanem,
1221 3166 1513 3246 confunderetuq&
1537 3183 1598 3230 tam

573 3253 718 3321 Damiata
731 3279 822 3342 quam
840 3259 942 3322 Terra
955 3257 1055 3321 sansla
1074 3258 1174 3320 adhuc
1189 3258 1305 3340 perdita
1324 3258 1517 3320 inveniretur.
1539 3255 1600 3319 Fa-

571 3345 654 3407 ciant
664 3345 753 3429 super
762 3349 823 3410 hoc
837 3369 958 3411 rumore
970 3346 1127 3429 plansium
1142 3345 1435 3408 &lamentationem
1449 3345 1478 3408 dt
1490 3345 1598 3430 deplo-

572 3432 722 3495 rationem
737 3435 779 3514 ni,
793 3437 845 3520 qui
859 3435 955 3498 sciunt
973 3434 1065 3496 verba
1088 3433 1291 3517 multiplicare
1313 3434 1344 3497 dt
1365 3437 1598 3519 conquestiones

573 3521 610 3582 de
624 3521 712 3584 rebus
727 3523 944 3587 miserabilibus
959 3523 1058 3585 secere
1072 3521 1232 3586 &animos
1247 3524 1408 3586 hominum
1430 3527 1466 3586 ad
1490 3526 1598 3610 deplo-

573 3609 744 3674 randum&
759 3613 1008 3696 compatiendum
1023 3610 1081 3674 suis
1095 3610 1188 3694 elegis
1204 3609 1336 3676 verfibus
1351 3613 1504 3676 inclinare.
1528 3615 1598 3679 Nos

573 3717 647 3760 vero
667 3702 703 3761 ad
719 3700 885 3763 texendum
900 3699 929 3762 δι
944 3702 1142 3762 retexendum
1156 3720 1259 3763 rerum
1272 3701 1423 3784 gestarum
1443 3702 1597 3766 historiam

574 3788 813 3868 properabimus.

503 3903 560 3940 ιω
616 3875 710 3938 Anno
721 3877 852 3942 Domini
867 3893 951 3957 1224,
966 3875 1110 3942 Damiata
1124 3878 1244 3960 perdita
1257 3877 1324 3941 suit.
