3622 5620
601 544 687 636 350
995 513 1217 612 Addtndo.

596 776 625 848 δι
639 775 661 840 11
675 775 824 841 veschovo
836 774 975 848 Ruberto
990 778 1019 846 di
1036 777 1143 842 Lucea
1156 778 1240 850 feces
1255 779 1316 850 fate
1330 799 1391 846 una
1401 799 1478 846 nave
1491 777 1526 846 δι
1543 775 1633 860 padio

522 885 581 935 1219
595 862 677 926 collo
699 864 796 927 stuola
809 863 887 929 oltra
901 887 984 929 mare
998 912 1097 930 .....
1114 865 1155 930 Et
1169 867 1218 934 nel
1234 865 1373 951 seguente
1388 887 1479 946 anno,
1493 866 1517 929 li
1534 865 1635 930 chris-

595 951 668 1014 tiani
691 953 810 1015 ebbeno
827 952 972 1016 Damiata
994 953 1031 1016 de
1052 953 1191 1017 Saraceni
1212 953 1329 1016 &tutti
1350 954 1370 1015 li
1386 952 1544 1032 Saraceni,
1571 952 1634 1015 che

594 1061 687 1102 erano
702 1042 733 1103 in
748 1039 777 1104 13
790 1040 874 1121 citui,
887 1041 998 1104 firrono
1014 1041 1152 1105 tramorti
1166 1040 1196 1103 δι
1210 1038 1294 1124 presi.

523 1161 578 1198 ,ω
634 1127 685 1192 Lo
698 1149 778 1193 anno
796 1147 881 1209 raar,
902 1130 924 1192 li
940 1129 1080 1198 Saraceni
1096 1130 1242 1196 riebbeno
1257 1128 1402 1200 Danian
1415 1129 1445 1192 δι
1460 1132 1633 1194 rendenuo

595 1217 664 1280 tutti
679 1215 700 1279 li
714 1215 865 1280 christiani
879 1219 937 1283 che
950 1239 1042 1281 erano
1058 1217 1142 1300 presi,
1156 1218 1176 1281 li
1192 1217 1274 1302 quali
1288 1239 1381 1282 erano
1396 1217 1494 1283 molti.

662 1521 730 1574 210
744 1503 802 1572 bis.
833 1502 1083 1574 srcmmuuus
1099 1499 1241 1593 Trrrus,
1258 1497 1394 1572 senensis
1412 1516 1443 1584 (r.
1457 1517 1518 1569 xvr
1530 1515 1569 1584 r),

1021 1694 1202 1764 Chroniton.

843 1874 901 1948 [cit.
916 1873 942 1926 itt
956 1873 1093 1938 Muratoti,
1105 1875 1143 1927 SS.
1157 1872 1390 1940 1111.1131ἰς.,Χ1.1

1098 2021 1117 2064 ss

635 2150 792 2214 Muratori
804 2159 867 2224 (not.
882 2151 912 2226 8)
926 2175 960 2214 ex
973 2166 1053 2234 opere
1067 2151 1184 2234 quodam
1199 2149 1226 2213 S.
1243 2149 1313 2231 Tiej
1326 2147 1372 2213 hec
1386 2149 1494 2234 affert:

525 2281 583 2315 ,ψ
636 2238 745 2304 Guido
764 2241 801 2302 de
817 2239 931 2302 Palatio
948 2237 1144 2302 Bandinellus
1159 2259 1252 2321 eques
1271 2238 1309 2300 ab
1330 2238 1535 2302 ultramarinis
1553 2261 1626 2322 par-

597 2326 675 2389 tibus
690 2329 813 2393 onustus
828 2328 965 2413 preda&
987 2328 1117 2392 Othone
1132 2341 1254 2388 mortuo
1268 2324 1401 2388 reversus
1423 2325 1535 2407 palatia
1556 2348 1626 2388 ma-

594 2415 706 2501 gnifica
725 2436 759 2478 ac
788 2432 886 2480 turres
909 2415 1075 2479 construxit
1104 2436 1142 2478 ex
1163 2414 1314 2478 manubiis
1340 2435 1375 2475 ac
1396 2413 1626 2496 direptionibus

593 2507 763 2572 Sarracenis
790 2505 884 2569 fadiis.
908 2507 939 2567 A
957 2504 1066 2567 ceteris
1090 2503 1208 2566 civibus
1233 2502 1345 2565 Turris
1376 2501 1490 2566 Cinelli
1509 2501 1625 2568 Galle·

594 2593 674 2672 rani,
705 2592 817 2656 Turris
850 2592 951 2675 magni
981 2590 1065 2673 sirij,
1087 2589 1201 2653 Turrit
1236 2589 1500 2668 Sansedoniorum,
1530 2591 1624 2654 Tur·

595 2677 692 2761 risque
735 2679 976 2765 Ugurgeriorum
1018 2678 1084 2740 sunt
1122 2677 1223 2741 erecte
1255 2698 1328 2740 cum
1372 2677 1623 2762 Ugurgeriorum

595 2765 706 2848 palatio
730 2767 814 2832 iuxta
837 2767 1065 2831 xenodochium
1091 2765 1129 2830 de
1155 2765 1241 2830 Scala
1261 2786 1297 2828 ac
1319 2764 1483 2850 conspicua
1508 2769 1624 2834 domus

594 2856 677 2917 iuxta
691 2854 909 2920 Saracenorum
924 2857 1005 2934 edes,
1020 2854 1175 2918 castellum
1186 2871 1331 2937 preterea
1351 2851 1487 2917 Ecclesia
1501 2855 1624 2938 insuper

594 2939 622 3004 S.
633 2937 738 3005 lacobi
753 2943 783 3006 δι
796 2942 824 3007 S.
839 2943 981 3025 Philippi,
995 2940 1121 3006 ecclesia
1134 2962 1259 3025 quoque
1270 2940 1298 3003 S.
1314 2940 1432 3024 Vigilij,
1447 2956 1508 3003 tam
1520 2943 1623 3008 eecle-

593 3028 633 3092 sta
646 3029 674 3093 S.
695 3027 830 3114 Galgani
845 3031 876 3093 in
900 3029 1059 3096 meliorem
1082 3029 1211 3094 formam
1232 3030 1376 3111 restituta,
1402 3030 1621 3096 monasterium

595 3133 731 3200 preterea
745 3116 788 3183 D.
804 3117 941 3201 Prosperi
957 3120 1071 3181 ordinis
1085 3116 1339 3199 Cisterciensrum
1354 3121 1384 3182 in
1395 3143 1458 3204 quo
1469 3119 1622 3184 moniales

594 3223 834 3287 commorantur,
847 3207 1013 3272 fraternitas
1024 3208 1116 3270 etiam
1127 3205 1156 3270 S.
1172 3206 1290 3271 Crucis.
1301 3205 1327 3270 F
1328 3229 1417 3271 ervor
1433 3208 1516 3272 enim
1530 3205 1619 3272 cons-

524 3319 581 3368 1225
595 3295 715 3358 truendi
730 3297 766 3357 ad
782 3318 896 3360 annum
909 3299 1051 3380 quintum
1065 3310 1157 3378 atque
1171 3292 1335 3378 vigesrvum
1350 3297 1478 3360 duravit.
