3656 5648
406 595 481 682 70.
508 558 723 654 Athericus
752 559 889 652 ‘srium
919 562 1108 654 sontium.
1211 593 1265 688 93

240 845 293 882 ram
306 825 480 897 promisionis.
504 827 610 881 Tertius
624 827 770 881 Melchisaia
784 839 853 880 tenet
867 827 1010 894 Cernelam,
1024 846 1074 898 que
1087 828 1122 881 est
1133 827 1197 881 inter
1211 829 1273 882 Tri·

240 907 319 978 polim
337 909 361 960 dt
376 906 523 960 Laodiciam
548 909 572 959 δι
592 908 767 961 Antioehieru.
795 911 906 968 Quartus
931 906 1114 961 Meloemoden
1132 921 1199 962 tenet
1219 913 1273 963 Ha·

240 1006 299 1042 man
311 989 336 1040 rc
348 1000 426 1039 terras
439 987 522 1040 versus
543 988 767 1059 Mesopotamiam.
781 988 889 1048 Quintus
904 989 1104 1042 Melchisenesast
1117 1001 1186 1042 tenet
1200 992 1273 1056 Saeo,

241 1070 284 1122 ubi
299 1066 364 1123 Cain
377 1067 470 1120 occidit
484 1065 596 1130 hbet&
607 1067 735 1120 civitatem
751 1085 801 1137 que
813 1067 904 1120 dicitur
919 1068 1041 1120 Malbers.
1059 1071 1147 1122 Sextus
1164 1069 1274 1122 Melchi-

243 1165 307 1202 noor
319 1159 389 1200 tenet
402 1146 524 1216 quasdam
540 1147 681 1216 provincias
697 1148 722 1200 in
740 1165 817 1217 regno
830 1148 862 1200 de
876 1147 998 1213 Baldaeh,
1017 1148 1059 1200 ubi
1079 1149 1112 1201 est
1124 1148 1274 1218 apostolicus

242 1246 337 1282 eorum.
362 1226 490 1297 Septimus
505 1225 605 1279 Balasas
626 1226 755 1280 sineterra
773 1228 870 1281 serebat
888 1227 1003 1280 vexillum
1021 1229 1144 1299 patrie&
1166 1228 1271 1297 quilibet

241 1309 347 1362 sratrum
362 1306 461 1359 suorum
479 1305 595 1358 mittebat
613 1308 635 1359 ei
654 1326 697 1378 per
713 1326 806 1360 annum
824 1325 900 1360 tinum
915 1325 1006 1377 equum
1027 1308 1191 1378 optimum&
1208 1328 1274 1362 rooo

243 1388 372 1441 bisantios.
388 1389 430 1440 De
442 1385 494 1438 aliis
509 1387 567 1439 osio
579 1387 670 1440 dicitur
682 1389 750 1457 quod
767 1389 819 1440 duo
838 1388 978 1440 custodiant
996 1405 1052 1440 curn
1073 1388 1184 1457 quinque
1201 1389 1276 1441 chris·

243 1467 317 1531 tianis
331 1466 397 1538 Syris
411 1465 568 1537 sepulchrum
583 1467 698 1532 Domini,
711 1470 734 1520 δι
748 1468 814 1520 valet
827 1467 860 1520 eis
876 1486 918 1538 per
931 1486 1025 1520 annum
1047 1487 1132 1521 aoooo
1144 1467 1271 1535 bisantios,

244 1560 354 1619 quatuor
371 1559 458 1600 tenent
470 1547 592 1600 tributum
614 1565 679 1617 aque
700 1549 732 1600 de
750 1548 843 1614 Sizalis,
864 1566 913 1618 que
928 1561 996 1600 rorat
1011 1549 1084 1600 semel
1104 1550 1238 1618 Egyptnm
1251 1547 1275 1600 in

246 1627 324 1699 aprili,
341 1629 365 1680 dx
387 1628 452 1680 valet
470 1628 571 1681 cuilibet
591 1647 675 1681 roone
697 1628 824 1694 bisantios,
841 1627 882 1694 alij
902 1629 954 1680 duo
969 1640 1054 1680 tenent
1071 1626 1226 1680 offerendam
1244 1629 1276 1680 ad

247 1708 404 1778 sepulchrum
418 1708 562 1760 Mahnmeti
570 1709 637 1776 apud
649 1710 779 1773 Meccam,
789 1709 885 1760 &valet
897 1709 930 1759 eis
940 1725 1085 1776 perannum
1096 1725 1181 1771 qoooo
1193 1707 1277 1760 bizan-

151 1809 173 1854 ρ·
186 1803 233 1852 907
246 1793 305 1846 rios.
317 1795 350 1846 Er
363 1794 395 1846 de
407 1794 456 1846 ittis
470 1794 606 1865 hueusque·
630 1783 890 1866 Arcbiepiscopus
904 1782 1060 1847 Remensrs
1076 1783 1231 1862 Albricus,
1245 1785 1276 1846 in

248 1871 429 1934 revertendo
445 1871 482 1935 de
497 1872 700 1936 transmarinis
715 1873 850 1955 partibus
866 1871 945 1954 apud
962 1870 1086 1954 Papiam
1103 1871 1277 1935 moritur&

249 1960 280 2021 in
304 1956 430 2022 ecclesia
451 1961 530 2024 beati
544 1961 706 2044 Augustini
723 1961 873 2043 sepelitur.

287 2048 380 2130 Apud
404 2048 517 2111 Arcam
535 2051 661 2112 moritur
683 2048 841 2132 episcopus
864 2045 1092 2112 Lemovicenhs
1113 2045 1275 2126 lohannes,

247 2137 299 2218 qui
316 2137 469 2216 prefuerat
483 2138 569 2200 annis
584 2136 751 2220 plusquam.

287 2225 338 2287 De
353 2224 378 2287 F
380 2225 528 2289 risonibus
543 2243 656 2305 autem,
671 2225 708 2288 de
726 2227 836 2308 quibus
853 2227 881 2287 in
898 2226 1038 2308 superiori
1055 2227 1165 2308 pagina
1179 2226 1278 2288 conti-

246 2329 345 2391 netur,
364 2315 395 2377 in
419 2316 561 2397 captione
583 2317 672 2378 turris
694 2331 764 2377 ante
789 2313 964 2376 Damietam
984 2335 1055 2376 cum
1077 2312 1165 2376 multi
1191 2337 1278 2397 repa·

247 2401 388 2482 triadem,
404 2403 514 2465 eodem
537 2404 637 2466 mense
661 2403 709 2465 vel
732 2405 838 2465 eadem
861 2402 1041 2480 ebdomada,
1067 2423 1127 2484 qua
1151 2403 1279 2465 domum

246 2487 353 2553 reversi
368 2489 444 2570 sunt,
460 2493 575 2574 impetu
596 2493 688 2554 maris
704 2491 888 2569 inundantis,
910 2489 984 2553 sicut
1006 2489 1161 2553 Dominus
1182 2492 1281 2574 previ-

247 2575 340 2656 derat,
354 2580 465 2640 mortui
482 2581 557 2640 sunt.
573 2579 730 2663 Siquidem
745 2580 804 2641 hoc
819 2599 899 2641 anno
918 2579 948 2641 in
961 2577 1095 2660 partibus
1110 2575 1135 2638 F
1137 2574 1203 2640 risre
1219 2594 1280 2641 ter-

247 2667 346 2728 minos
366 2667 433 2730 suos
455 2687 536 2729 mare
559 2667 727 2752 egrediens,
752 2667 914 2730 multarum
937 2667 1166 2750 provinciarum
1189 2683 1282 2729 terras

247 2757 420 2838 occupavit,
443 2755 530 2818 villas
551 2757 673 2835 delevit,
698 2753 836 2820 ecclesias
863 2755 997 2838 lapideas
1022 2755 1144 2834 deiecit,
1166 2771 1282 2818 tantam

247 2845 408 2907 hominum
422 2847 602 2928 extinguens
617 2845 855 2923 multitudinem,
870 2859 902 2906 ut
916 2843 1032 2905 summa
1056 2861 1170 2906 100000
1191 2843 1282 2906 trans-

247 2934 402 2997 cenderet.
421 2931 468 2996 Ita
482 2932 605 2996 exaltati
621 2933 687 2996 sunt
701 2933 811 2996 lindius
825 2934 900 3011 eius,
916 2948 949 2994 ut
964 2933 1090 2994 turrium
1105 2931 1281 2995 altitudines

249 3023 365 3104 operire
380 3023 566 3101 viderentur,
577 3023 607 3084 δι
622 3021 756 3106 procella
775 3021 942 3104 procellam
966 3019 1127 3102 impellens
1141 3021 1281 3103 generale

249 3105 397 3172 diluvium
413 3112 496 3174 terris
512 3113 687 3189 minaretur,
702 3111 731 3174 dr
745 3111 818 3173 srcut
834 3110 950 3172 dietum
966 3107 1008 3171 est
1026 3109 1125 3172 abbati
1150 3110 1188 3170 de
1202 3109 1281 3172 valle

249 3196 340 3262 saneti
365 3199 455 3282 Petri,
486 3223 558 3264 curn
582 3201 691 3264 eodem
719 3221 800 3262 anno
830 3195 1006 3261 visitationis
1035 3200 1130 3280 gratia
1155 3193 1279 3260 Frisram

250 3285 392 3369 intralset,
411 3293 492 3374 quod
509 3290 619 3353 lindius
633 3293 725 3352 etiam
741 3289 873 3350 furentes
885 3287 981 3372 usque
993 3286 1158 3351 Coloniam
1173 3306 1281 3369 perve-

251 3377 368 3459 nissent,
381 3379 401 3441 sr
416 3401 478 3460 non
494 3381 529 3459 is,
543 3380 594 3461 qui
611 3401 664 3441 eos
678 3379 873 3456 excitaverat,
892 3377 1054 3460 genetricis
1075 3376 1123 3438 sue
1140 3375 1280 3458 precibus

252 3465 489 3550 compescuisset.

158 3593 180 3636 p.
192 3571 239 3636 90⁸
292 3555 529 3640 Expeditionem
544 3573 645 3620 autern
660 3553 936 3638 crucesignatorum
959 3555 995 3615 ad
1019 3570 1118 3634 partes
1136 3551 1280 3615 transma-
1296 3569 1354 3618 1218

254 3648 332 3709 tinas
353 3648 567 3709 conduxerunt
591 3647 650 3708 hoc
675 3667 756 3708 anno
778 3642 1020 3725 archiepiscopus
1042 3637 1281 3704 Mediolanensrs

253 3737 404 3800 Henricus
419 3735 448 3798 δι
463 3735 631 3800 Galtherus
648 3734 807 3816 episcopus
823 3731 979 3810 Eduentis‚
996 3729 1102 3793 Petrus
1115 3725 1282 3792 Parisrensrs

252 3824 408 3908 episcopus
436 3845 507 3887 cum
530 3826 620 3887 fratre
643 3824 694 3887 suo
717 3821 869 3887 Galthero
895 3821 974 3902 regis
996 3819 1173 3896 camerario,
1198 3817 1281 3881 Milo

252 3910 441 3976 Belvacensrs
457 3912 571 3976 eleetus
585 3933 657 3975 cum
673 3913 799 3974 Andrea
822 3911 913 3972 fratre
928 3909 989 3988 suo,
1005 3907 1156 3969 Herveius
1178 3927 1282 3968 comes

251 3999 459 4082 Nini-nentis,
481 4001 573 4086 Hugo
597 4001 716 4063 Brunus
738 4001 775 4061 de
797 3999 930 4062 Marcha
944 3995 1077 4060 Pictavie
1092 4015 1197 4057 comes
1211 4015 1282 4056 cum

252 4091 387 4154 Herveio
403 4093 440 4153 de
457 4091 610 4168 Verzone,
624 4111 729 4152 comes
746 4087 828 4151 Milo
844 4088 881 4148 de
897 4085 993 4148 Barro
1010 4083 1097 4166 super
1112 4083 1282 4165 Sequanam

248 4174 322 4245 'cum
331 4178 395 4242 filio
404 4180 455 4244 suo
471 4179 622 4244 Galthero
635 4177 663 4242 δι
675 4199 746 4241 cum
760 4175 897 4239 lohanne
912 4175 948 4237 de
962 4171 1209 4252 Arceiqfiliastro
1222 4171 1285 4250 suo,

252 4270 393 4332 Andreas
408 4269 445 4332 de
460 4267 604 4353 Effipiffia
618 4289 655 4330 ex
691 4283 755 4329 arte
777 4265 902 4331 Odonis
924 4265 1010 4325 ducis
1033 4261 1207 4345 Burgundie
1232 4259 1284 4322 de-

251 4357 358 4437 sunsii,
373 4357 482 4423 Guido
497 4356 535 4420 de
548 4355 649 4434 Tilio,
663 4291 791 4418 leontius
807 4352 845 4416 de
860 4350 1030 4428 Granceio‚
1046 4369 1150 4414 comes
1165 4346 1282 4412 Renol-

252 4449 309 4514 dus
323 4449 361 4509 de
376 4445 481 4513 Cestra
495 4448 525 4511 in
541 4447 656 4532 Anglia
668 4466 740 4509 cum
754 4443 906 4508 Sawarico
917 4442 955 4505 de
973 4440 1147 4516 Malleone;
1163 4441 1284 4501 suerunt
