3726 5628
559 525 641 584 202
699 492 943 622 Testimonio
965 492 1005 581 in
1031 491 1251 582 Germania
1262 487 1443 614 scripto.

991 881 1057 942 Cn'r.
1070 889 1128 940 VII.

639 1074 687 1137 De
701 1075 784 1156 legati
798 1074 950 1152 ambitione,
966 1074 1039 1156 regis
1051 1074 1109 1151 ira,
1124 1074 1203 1136 clade
1215 1076 1372 1156 nostrorum
1386 1073 1500 1162 misera.

985 1309 1052 1359 Car.
1066 1306 1138 1357 Vlll.

484 1513 543 1546 1220
591 1496 644 1545 lain
661 1494 734 1546 rebus
747 1493 796 1545 suia
809 1493 921 1545 diffidens
936 1491 1080 1546 Meledinus
1099 1491 1202 1545 incensis
1223 1493 1315 1559 castris,
1335 1493 1464 1564 Chayrum
1478 1494 1583 1562 abierat,
1597 1493 1662 1540 Ollv·
1673 1489 1766 1547 δίδοι,

486 1573 527 1630 ‘5
557 1573 769 1644 Babylonamque
795 1571 957 1626 munitiorem
984 1573 1087 1625 reddere
1113 1572 1260 1625 conabatur.
1288 1574 1373 1626 Latini
1394 1573 1473 1642 patrie
1494 1568 1619 1628 veterisi’·
1633 1566 1773 1615 ¹4¹5'¹4²3

555 1655 725 1719 immemores,
739 1665 861 1723 tanquam
874 1652 900 1705 in
913 1653 1039 1707 coloniam
1050 1652 1180 1719 venissent,
1193 1653 1217 1705 in
1227 1655 1289 1708 urbe
1298 1655 1419 1707 Damiata
1432 1671 1475 1724 pet
1489 1673 1582 1708 annum

555 1733 633 1786 seime
645 1735 770 1802 integrum
785 1733 910 1797 desedere,
932 1750 1009 1802 quum
1022 1732 1086 1784 inter
1100 1733 1231 1802 Pelagium
1245 1734 1583 1798 cardinalemaeRrennrm

555 1831 640 1882 regem
655 1813 794 1866 deditione
813 1813 943 1866 contentio
964 1813 1044 1865 oritur
1056 1813 1207 1882 gravisslma.
1231 1814 1320 1867 Partes
1331 1816 1395 1868 enini
1410 1813 1452 1868 sibi
1464 1816 1489 1867 in
1503 1815 1584 1868 omni-

555 1895 601 1944 bus
615 1893 707 1962 primas
720 1883 827 1962 legatus,
839 1887 891 1945 iure
903 1893 1036 1961 legationis
1052 1893 1210 1946 vendicabat.
1232 1896 1331 1947 Brenni
1345 1913 1396 1961 rex,
1409 1895 1549 1964 omniums
1574 1923 1584 1934 ·

554 1973 590 2023 fra
612 1973 651 2037 iis,
672 1973 741 2024 urbis
762 1972 894 2043 imperium
917 1972 1064 2025 iamdudum
1078 1951 1201 2044 adimis,
1223 1973 1344 2027 exercitus
1366 1959 1584 2048 inipeiatorenie

555 2070 567 2104 e
590 2071 612 2117 e,
633 2055 656 2104 δι
675 2045 729 2104 deci
748 2054 841 2104 debere
862 2053 1042 2119 contendebat,
1064 1992 1151 2106 nesi
1167 2070 1278 2122 unquam
1291 2055 1345 2107 viro
1358 2067 1448 2124 togato
1460 2045 1583 2107 cessurum

551 2123 639 2201 =aperte
657 2115 895 2206 minabaturZErat
916 2145 1002 2186 autem
1017 2134 1141 2186 lohannes
1162 2133 1198 2185 vir
1218 2133 1278 2186 alias
1296 2135 1356 2187 &in
1370 2135 1542 2204 republica,&
1557 2133 1583 2186 ‘n

555 2213 643 2266 militia
656 2213 851 2265 administranda
863 2213 954 2279 clarus,
967 2225 1054 2282 gratus
1065 2225 1117 2265 tam
1128 2213 1226 2266 civibus
1236 2231 1312 2282 quam
1326 2214 1449 2267 militibus
1458 2155 1594 2267 omnibd}

554 2293 609 2346 Nec
622 2294 726 2345 deerant
747 2311 777 2345 ex
791 2293 935 2362 peregrinis,
956 2293 999 2362 qui
1020 2293 1078 2347 huic
1101 2295 1136 2345 ob
1155 2293 1259 2346 virtutes
1279 2294 1304 2345 in
1326 2313 1356 2347 eo
1375 2294 1516 2348 clarissimas
1538 2296 1602 2346 iiii·¹

555 2373 628 2444 pense
641 2373 765 2426 faverente
788 2385 900 2436 econtra,
923 2373 1029 2446 Peflagi'o
1047 2373 1204 2438 invidebant,
1223 2384 1345 2444 tanquam
1357 2373 1584 2452 bpminiarrogmi·

545 2453 653 2527 ΨΜ,
671 2453 717 2523 qui
729 2453 874 2506 ambitionis
888 2454 992 2507 modum
1009 2455 1119 2507 nesciret.
1134 2454 1233 2506 Inventi
1248 2455 1301 2507 sunt
1314 2455 1399 2521 etiam,
1412 2456 1456 2526 qui
1468 2454 1492 2507 in
1507 2457 1586 2508 Bren-

554 2551 613 2584 nam
637 2551 731 2604 regem,
753 2535 824 2586 liuius
846 2533 968 2606 discordie
982 2535 1081 2586 causam
1104 2534 1271 2599 transferrent,
1293 2534 1361 2603 quod
1383 2534 1458 2587 dese
1480 2536 1584 2587 nimium

554 2613 681 2666 confidens
695 2632 726 2666 ex
740 2603 1298 2683 amitiniomnia'ieg‘eie‘tsa'd'monitl‘o'nibus
1311 2613 1397 2683 legati,
1417 2614 1483 2667 nulla
1498 2615 1585 2668 habita

554 2693 707 2746 conditionis
720 2694 865 2760 reverentia,
877 2694 1048 2747 immodestius
1061 2694 1086 2746 in
1100 2694 1217 2746 omnibus
1230 2695 1406 2748 recalcitraret.
1429 2697 1486 2748 Hec
1498 2707 1583 2748 autem

556 2775 685 2826 contentio
699 2773 797 2842 magnis
811 2774 909 2826 ausibus
923 2791 1022 2826 moram
1035 2773 1127 2839 intulit,
1146 2773 1230 2843 reique
1245 2777 1308 2827 bene
1321 2773 1430 2844 gerenda
1444 2787 1497 2828 tum
1511 2792 1584 2828 occa·

558 2851 658 2918 sonem,
679 2864 732 2904 tum
747 2870 821 2906 omne
840 2854 934 2906 ademit
953 2865 1061 2924 tempus.
1085 2855 1142 2926 Qu
1155 2855 1221 2906 enirn
1229 2854 1320 2926 iratus,
1334 2854 1517 2907 Ptolemaidem
1533 2873 1586 2906 ma-

557 2949 608 3000 gna
624 2931 731 2984 militum
751 2950 826 2984 manu
847 2931 947 2998 fecisset,
967 2935 1068 2985 causam
1092 2933 1203 3002 capiens,
1228 2931 1311 3014 quod
1333 2930 1585 3014 Milichasecaph,

558 3017 720 3100 Saphadini
740 3017 829 3097 filius,
851 3020 924 3080 dum
944 3020 975 3081 in
998 3019 1071 3081 urbe
1088 3017 1233 3081 Damiata
1245 3021 1448 3102 expugnanda
1462 3021 1492 3084 δι
1508 3043 1584 3084 con-

556 3105 706 3167 stituenda
720 3123 898 3185 moraretur,
905 3106 1105 3190 Templarios
1121 3106 1202 3169 bello
1218 3129 1374 3188 exercens,
1389 3108 1501 3170 Albam
1520 3109 1585 3193 spc-

555 3193 667 3273 culam,
683 3194 845 3277 presidium
861 3194 1171 3258 munificentissimum
1186 3193 1383 3276 destruxisset,
1398 3197 1585 3280 occupasset-

555 3304 614 3365 que
636 3282 765 3346 castrum
791 3283 902 3366 Saphet
923 3283 1184 3346 Damascenorum
1207 3283 1355 3347 soldanus.
1381 3285 1472 3348 Hanc
1493 3287 1585 3368 igitur

556 3386 670 3433 tantam
691 3371 874 3454 Reipublice
896 3371 1015 3436 cladem
1038 3371 1240 3434 ulciscendam
1263 3369 1314 3435 sibi
1341 3371 1409 3454 esse,
1434 3396 1469 3437 ac
1484 3375 1585 3437 Tem-

557 3458 659 3541 plariis
674 3459 800 3523 subsidia
814 3461 940 3525 ferenda
953 3462 1082 3524 dicebat.
1107 3460 1188 3523 Fore
1209 3477 1243 3525 ut
1257 3462 1404 3526 conscisas
1419 3464 1497 3526 vires
1516 3463 1585 3526 Sar-

555 3569 738 3611 racenorum
753 3566 902 3629 attereret,
916 3549 1164 3634 &conprimeret
1176 3551 1354 3615 temerarios
1368 3573 1475 3614 eorum
1488 3551 1584 3630 ausus,

555 3638 798 3722 recuperatisque
827 3638 968 3721 presidiiS,
1000 3640 1082 3702 brevi
1111 3639 1146 3701 ad
1176 3639 1344 3702 exercitum
1372 3657 1584 3704 reverteretur.

556 3724 723 3790 Constabat
742 3743 888 3809 preterea,
913 3727 1090 3810 Gorgianos
1112 3728 1164 3810 qui
1187 3727 1223 3789 ad
1240 3727 1366 3811 Caspios
1388 3745 1509 3792 montes
1523 3745 1585 3791 ter-

554 3832 618 3875 ram
640 3815 819 3894 inhabitant,
846 3815 983 3896 Colchis,
1007 3814 1102 3879 Iberis
1124 3814 1261 3880 finitimis
1283 3815 1395 3879 auxilia
1416 3837 1469 3899 per
1482 3816 1584 3881 literas

556 3901 710 3985 pollicitos
726 3901 793 3983 elle,
808 3919 900 3988 atque
914 3903 1055 3967 Leonem
1071 3925 1184 3988 regem,
1200 3905 1252 3987 qui
1268 3926 1413 3967 unacum
1428 3905 1583 3969 Armeniis
1670 3937 1672 3942 v

555 4011 608 4052 eos
618 3991 751 4074 regebat,
768 3992 944 4055 adfuturum
957 3992 1145 4075 propediem.
1161 3993 1228 4056 Hos
1240 4009 1273 4055 ut
1284 3995 1450 4076 exciperet,
1462 3993 1584 4057 Brenna

555 4079 670 4139 iturum
689 4079 717 4140 se
733 4079 871 4158 iaslabat,
894 4101 951 4142 nec
966 4102 1029 4142 non
1044 4077 1196 4144 leonensis
1212 4082 1290 4164 regis
1305 4083 1409 4165 copias
1424 4081 1583 4146 auxiliares

449 4218 454 4228 .
555 4166 582 4228 se
608 4167 819 4231 addudturum.
845 4167 920 4256 Que
942 4169 1046 4232 omnia
1070 4168 1121 4232 etsi
1146 4167 1319 4234 verisimilia
1338 4171 1528 4250 videbantur,
1553 4173 1583 4235 in
