3716 5628
563 493 650 619 256
749 491 992 628 ‘Testimonio
1014 501 1054 592 irc
1076 493 1203 592 ltalia
1212 495 1392 628 scripto.

558 778 734 819 concurrentes
757 768 779 818 a
798 766 823 819 in
841 766 968 820 civitatem
988 768 1175 832 descendentes,
1192 780 1343 838 aperuerunt
1359 770 1446 822 ianuas
1467 767 1586 821 civitatis.

457 827 543 889 ΝΜ
558 845 663 898 Intravit
683 846 814 916 plenitudo
842 847 965 916 gentium,
993 849 1017 899 δι
1048 847 1135 900 civitas
1165 860 1239 916 capta
1270 849 1305 901 est
1333 848 1405 902 nonis
1435 847 1589 901 Novembris

471 911 530 959 ¹²¹⁹
559 927 708 979 MCCXIX
720 943 870 996 perannum
883 929 907 979 δι
920 927 1013 995 septem
1027 928 1121 980 menses
1140 928 1208 997 prius
1221 927 1322 981 obsessa.
1337 926 1465 988 Utinam
1490 940 1589 989 atten-

558 1009 666 1074 dissent
690 1009 866 1095 poffeffores
880 1014 982 1096 potius
997 1034 1089 1095 quam
1104 1013 1246 1093 vidiores,
1268 1036 1296 1076 ot
1309 1023 1438 1077 vitiorium
1459 1024 1502 1078 soli
1515 1023 1590 1077 ascri-
1619 1029 1695 1076 vtae.
1708 1028 1800 1084 Bellon,

558 1104 644 1156 herent
667 1102 790 1169 Creatori,
811 1103 870 1173 quia
891 1121 941 1156 non
963 1103 1035 1155 affuit
1053 1103 1165 1169 deditio,
1187 1121 1238 1155 non
1261 1121 1319 1156 cum
1342 1103 1455 1156 tumultu
1479 1089 1672 1157 violentafW‘
1682 1108 1707 1153 Ρ·
1715 1090 1809 1148 Ι04·ωδ

558 1183 687 1253 predatio:
709 1185 750 1236 sed
764 1185 786 1236 δι
802 1185 925 1236 Soldanus
947 1185 1026 1236 castra
1044 1183 1087 1236 fua
1106 1185 1256 1236 comburens
1268 1201 1345 1253 quam
1362 1173 1478 1236 confufus
1491 1183 1589 1237 absces-

558 1264 613 1317 serit
626 1263 726 1333 eiusque
739 1263 819 1333 spoliis
832 1264 927 1315 ditatus
941 1263 969 1316 frt
981 1264 1090 1333 populus
1102 1262 1256 1316 christianus.
1279 1264 1356 1333 Capti
1372 1281 1475 1333 quoque
1488 1262 1588 1316 fuerunt

557 1344 634 1413 usque
654 1344 686 1396 ad
704 1361 753 1395 mor
766 1343 832 1395 milia
845 1343 1037 1412 Agarenorrrm,
1058 1344 1082 1396 8(
1100 1342 1222 1395 innumeri
1235 1343 1372 1412 pestilentia
1392 1345 1416 1395 ἃ
1436 1344 1503 1395 fame
1525 1359 1587 1394 con-

558 1423 656 1493 sumpti.
676 1423 755 1476 lelis
772 1440 873 1492 quoque
889 1422 957 1491 quafr
970 1421 1035 1474 mille
1055 1422 1114 1474 viris
1126 1422 1159 1474 ad
1172 1423 1353 1492 explorandum
1367 1422 1503 1492 Tampnis,
1516 1423 1588 1474 Sara-

557 1502 612 1556 ceni
633 1504 720 1572 sponte
741 1503 848 1555 castrum
872 1501 1027 1566 dimiserunt,
1055 1519 1106 1572 quo
1127 1501 1221 1554 nullum
1243 1501 1322 1571 poffet
1344 1502 1451 1554 securius
1472 1501 1586 1555 inveniri.

557 1579 615 1642 Sed
630 1580 683 1664 qui
696 1579 767 1641 talia
780 1598 906 1641 munera
917 1595 1100 1660 receperunt
1113 1579 1151 1642 de
1162 1599 1253 1640 manu
1266 1577 1409 1658 Domini,
1423 1579 1486 1641 cito
1498 1578 1586 1641 obliti

558 1667 624 1731 sunt
639 1670 851 1731 mandatorum
867 1667 931 1730 eius
946 1665 976 1729 δι
990 1661 1174 1730 recesserunt
1189 1668 1226 1728 de
1240 1667 1300 1747 via,
1321 1687 1413 1751 quarn
1428 1667 1472 1729 eis
1487 1666 1587 1731 osten·
1600 1687 1620 1732 r·
1634 1683 1682 1730 ²⁰9

558 1758 643 1819 derat
659 1754 756 1834 Deus,
778 1767 813 1819 ita
835 1778 862 1819 ut
875 1765 1033 1818 sanctissimus
1051 1776 1121 1836 pater
1134 1765 1288 1832 Franciscus,
1313 1765 1472 1835 multiplicari
1485 1783 1588 1820 cernens
1601 1771 1701 1828 hules,
1713 1787 1735 1830 p.
1746 1771 1791 1830 438

557 1846 703 1912 homicidia,
722 1845 853 1910 adulteria,
873 1845 949 1911 furta,
971 1845 1029 1898 inde
1044 1843 1176 1911 recetferit,
1198 1845 1256 1914 quia
1277 1845 1372 1898 nollent
1385 1847 1416 1898 ad
1433 1848 1517 1899 Deum
1529 1863 1590 1899 con-

557 1926 620 1978 verti
635 1925 687 1978 eius
700 1927 801 1978 monitis
814 1928 839 1978 ft
852 1924 978 1994 exemplis.
993 1921 1087 1984 Libet
1103 1923 1193 1986 huius
1209 1923 1302 1984 sanffl
1322 1924 1471 2006 preconio
1487 1925 1588 1985 modi·

557 2024 629 2064 cum
650 2002 817 2065 immorari.
832 2016 869 2067 Ut
887 2013 953 2066 enim
970 2013 1072 2065 Soldani
1093 2013 1233 2083 Babylonie
1247 2013 1326 2082 poll'et
1342 2013 1411 2066 adire
1431 2014 1590 2083 presentiam,
1601 2017 1624 2062 S.
1637 2017 1804 2072 horreorum,

558 2094 641 2147 multis
664 2094 687 2147 fe
702 2093 815 2163 periculis
829 2093 971 2146 constanter
982 2093 1105 2162 exposuit.
1129 2094 1233 2146 Exierat
1245 2093 1312 2145 enim
1331 2110 1346 2144 a
1359 2094 1470 2146 soldano
1487 2093 1589 2146 crudele
1621 2077 1696 2142 supra
1708 2095 1730 2140 Ρ·
1742 2093 1786 2138 ²49

557 2174 676 2238 edidlum,
693 2186 720 2226 ut
739 2173 781 2243 qui
802 2172 925 2225 christiani
947 2185 1024 2241 caput
1046 2171 1156 2236 afferret,
1176 2173 1313 2224 bizantium
1335 2189 1438 2224 aureum
1460 2190 1506 2242 pro
1525 2190 1590 2226 ruer-

557 2253 618 2305 cede
632 2252 760 2321 reciperet,
780 2263 806 2304 at
820 2250 943 2320 intrepide
957 2249 1045 2304 Christi
1067 2251 1145 2317 miles,
1167 2251 1192 2303 in
1214 2252 1298 2305 castris
1310 2252 1429 2305 hincinde
1449 2251 1475 2305 in
1497 2269 1589 2322 campo

557 2331 656 2394 locatis,
675 2333 721 2384 iter
743 2331 854 2400 arripuit,
877 2331 964 2383 mortis
979 2348 1071 2400 pavore
1094 2349 1143 2383 non
1166 2332 1276 2395 territus,
1299 2333 1341 2391 sed
1362 2332 1483 2385 defiderio
1496 2349 1590 2402 provo·

558 2423 638 2464 catus.
653 2412 810 2464 Procedente
832 2411 917 2479 itaque
931 2428 961 2462 eo
978 2427 1036 2463 cum
1059 2411 1136 2464 fratre
1154 2411 1306 2477 Illuminato,
1320 2411 1374 2464 viro
1389 2413 1476 2482 utique
1489 2411 1590 2464 luminis

557 2492 581 2543 a
603 2491 709 2556 virtutis,
729 2503 890 2544 occurrerunt
911 2490 1027 2543 satellites
1045 2489 1169 2556 Saraceni,
1190 2492 1309 2544 &servos
1322 2492 1372 2544 Dei
1391 2492 1499 2544 feraliter
1517 2509 1588 2543 com-

559 2570 701 2639 prehensoa,
726 2570 858 2638 crudeliter
877 2569 1140 2638 &contemptibiliter
1159 2571 1355 2636 contrafiamnt,
1373 2570 1508 2622 afficientes
1525 2586 1588 2622 con·

559 2649 633 2716 vitiis,
659 2649 798 2719 affligentes
822 2651 975 2715 verberibus,
1000 2652 1023 2701 a
1046 2649 1148 2702 vinculis
1174 2649 1322 2718 alligantes;
1347 2651 1469 2703 addustos
1483 2666 1586 2719 quoque
1600 2647 1769 2709 limet-²50
1843 2649 1844 2662 ¹

559 2746 644 2781 coram
664 2729 688 2781 fe
700 2729 823 2782 soldanus
836 2729 983 2797 interrogat,
1003 2727 1132 2797 aquibus,
1153 2739 1197 2779 aut
1213 2728 1245 2779 ad
1259 2727 1330 2797 quid,
1351 2738 1396 2779 aut
1408 2728 1514 2797 qualiter
1527 2728 1588 2779 misfr

558 2807 645 2860 essent.
664 2810 705 2861 At
720 2808 810 2861 Christi
831 2807 913 2860 servus
932 2809 951 2859 F
954 2807 1076 2858 ranciscus
1092 2807 1217 2876 intrepido
1234 2808 1310 2860 corde
1328 2807 1463 2876 respondit,
1486 2808 1509 2859 se
1532 2807 1588 2859 mis·

559 2889 611 2940 sum
621 2904 672 2940 non
684 2887 835 2952 abhomine,
844 2886 883 2939 sed
897 2887 987 2951 aDeo,
1008 2898 1034 2938 ut
1045 2888 1067 2938 ei
1077 2887 1100 2938 fr
1112 2886 1205 2955 populo
1215 2885 1257 2938 suo
1266 2887 1333 2938 viam
1347 2886 1429 2938 salutis
1439 2887 1589 2951 ostenderet,

558 2968 582 3018 dr
597 2967 757 3020 annuntiaret
773 2967 939 3036 Evangelium
954 2966 1073 3018 veritatis.
1088 2966 1177 3017 Tanta
1194 2984 1254 3018 vero
1268 2965 1359 3018 mentis
1372 2965 1517 3030 constantia,
1527 2977 1585 3018 tan·

558 3058 636 3116 toque
656 3047 754 3099 fervore
775 3047 873 3115 spiritus
896 3046 1007 3116 predifilo
1025 3045 1138 3096 Soldano
1159 3045 1295 3115 predicavit
1317 3047 1409 3098 trinum
1434 3045 1588 3115 unicumque

559 3128 652 3192 Deum,
664 3129 688 3179 ἃ
704 3127 858 3179 Salvatorem
871 3126 984 3177 omnium
996 3125 1077 3177 Iefurn
1091 3125 1226 3190 Christum,
1239 3125 1308 3194 quod
1324 3125 1449 3178 Soldanus
1463 3125 1587 3178 admiran-

558 3206 619 3258 dum
627 3208 651 3258 in
663 3207 715 3259 viro
725 3207 774 3260 Dei
784 3206 906 3258 fervorem
917 3204 1069 3274 conspiciens
1082 3206 1105 3255 8ι
1119 3204 1249 3269 virtutem,
1257 3203 1362 3257 libenter
1372 3204 1450 3274 ipsum
1461 3205 1588 3268 audiebat,

558 3287 627 3338 &ad
641 3304 739 3339 moram
749 3287 830 3340 fecum
849 3285 1046 3338 contrahendam
1065 3283 1194 3336 instantius
1216 3283 1355 3337 invitabat:
1373 3296 1400 3336 at
1423 3283 1462 3337 ille
1483 3285 1588 3352 superno

557 3365 691 3419 illustratus
715 3366 851 3419 miraculos
867 3365 912 3418 «Si
925 3365 970 3430 vis,
982 3364 1071 3434 inquit,
1085 3381 1142 3416 cum
1161 3375 1207 3416 tuo
1219 3365 1332 3417 converti
1345 3366 1440 3433 populo
1452 3365 1485 3416 ad
1504 3365 1589 3417 Chris-

561 3457 649 3511 ·tum,
673 3448 708 3499 ob
733 3446 805 3516 ipsius
828 3463 940 3497 amorem
954 3445 1084 3497 vobiscum
1097 3442 1252 3496 libentissime
1269 3444 1463 3496 commoraborr
1483 3444 1552 3513 quod
1571 3444 1586 3495 fr

562 3525 674 3578 rhefrtas
696 3538 798 3596 propter
819 3524 895 3577 fidem
914 3523 1002 3576 Christi
1023 3523 1103 3593 legem
1121 3523 1249 3575 dimittere
1264 3522 1418 3587 Mahumeti,
1431 3523 1489 3575 iube
1503 3523 1588 3592 ignem

561 3624 571 3650 ι
586 3605 690 3658 accendi
702 3605 893 3674 permaximum,
906 3605 930 3656 δι
944 3620 993 3673 ego
1005 3621 1063 3655 cum
1077 3601 1247 3655 sacerdotibus
1265 3601 1313 3653 tuis
1323 3602 1407 3670 ignem
1416 3601 1549 3672 ingrediar,
1562 3615 1589 3654 ut

561 3683 622 3736 «vel
636 3685 669 3738 lic
680 3685 827 3755 cognoscas,
839 3702 888 3753 que
907 3683 969 3735 fides
982 3683 1099 3735 verior&
1121 3681 1212 3734 certior
1233 3681 1261 3733 fit
1282 3681 1421 3733 tenenda.»
1441 3683 1487 3734 Ad
1512 3699 1588 3752 quem
1621 3687 1624 3696 “

559 3763 697 3817 Soldanuse
715 3767 797 3817 «Non
816 3764 902 3828 credo,
914 3761 982 3831 quod
998 3761 1085 3831 aliquis
1100 3761 1131 3813 de
1146 3761 1316 3813 sacerdotibus
1338 3761 1400 3814 meis
1413 3762 1436 3814 se
1449 3761 1523 3814 vellet
1535 3762 1588 3832 igni

561 3863 570 3890 r
585 3855 686 3913 propter
698 3843 772 3896 fidem
788 3844 855 3896 fuam
869 3842 1047 3895 defensandam
1060 3858 1193 3910 exponere,
1200 3841 1237 3893 vel
1244 3857 1325 3909 genus
1337 3840 1441 3910 aliquod
1448 3841 1529 3894 subire
1537 3854 1589 3894 tor-

561 3942 571 3968 ι
585 3922 671 3974 menti.
686 3943 697 3971 ι
714 3925 754 3976 At
767 3923 805 3975 vir
828 3923 924 3975 santius
939 3921 1082 3973 subintulitr
1099 3941 1109 3968 ι
1123 3921 1146 3972 Si
1160 3920 1346 3974 conversionem
1359 3919 1493 3989 promittis,
1503 3919 1588 3990 ignem

561 4021 570 4047 ι
585 4003 650 4054 solus
661 4002 804 4069 intrabo,&
822 4001 993 4071 sicombuslus
1001 4003 1082 4065 fuero,
1093 4000 1153 4054 meis
1170 4001 1436 4069 ascribaturpeccatisr
1447 4000 1480 4052 frn
1494 4013 1589 4068 autem,

561 4103 571 4129 ι
585 4082 709 4135 Christum
723 4083 771 4136 Dei
787 4083 903 4135 virtutem
914 4084 938 4134 dr
949 4081 1194 4150 sapientiam,verum
1201 4081 1283 4133 Deum
1298 4080 1471 4132 &Dominum
1481 4085 1588 4150 cognos-

561 4181 572 4207 ι
585 4160 655 4213 catis.
668 4181 677 4210 ι
696 4161 820 4213 soldanus
832 4161 961 4230 optionem
975 4160 1040 4212 hanc
1053 4159 1164 4230 accipere
1177 4161 1200 4213 se
1214 4177 1264 4212 non
1277 4160 1369 4212 audere
1381 4159 1518 4230 respondit,
1529 4160 1587 4228 quia

563 4239 707 4293 seditionem
721 4240 805 4309 populi
816 4240 978 4293 formidabat.
994 4239 1095 4294 Obtulit
1112 4251 1196 4292 autem
1215 4238 1237 4292 ei
1257 4238 1335 4292 multa
1352 4257 1453 4292 nrunera
1471 4239 1589 4308 pretiosa,
1601 4261 1622 4306 p.
1635 4259 1678 4306 ²5¹

559 4336 607 4390 que
626 4319 780 4390 paupertatis
802 4332 902 4372 amator
922 4317 1012 4388 sprevit
1033 4318 1118 4371 omnia
1141 4318 1209 4387 quast
1231 4317 1321 4384 lutum,
1342 4336 1372 4371 ex
1393 4335 1447 4387 quo
1464 4317 1586 4372 Soldauur
