<?xml version="1.0" encoding="UTF-8"?>
<!DOCTYPE html PUBLIC "-//W3C//DTD XHTML 1.0 Transitional//EN"
    "http://www.w3.org/TR/xhtml1/DTD/xhtml1-transitional.dtd">
<html xmlns="http://www.w3.org/1999/xhtml" xml:lang="en" lang="en">
 <head>
  <title>
</title>
<meta http-equiv="Content-Type" content="text/html;charset=utf-8" />
  <meta name='ocr-system' content='tesseract 3.04.00' />
  <meta name='ocr-capabilities' content='ocr_page ocr_carea ocr_par ocr_line ocrx_word'/>
</head>
<body>
  <div class='ocr_page' id='page_1' title='image "./testimoniaminor00rhgoog_0371.png"; bbox 0 0 3716 5628; ppageno 0'>
   <div class='ocr_carea' id='block_1_1' title="bbox 577 489 1418 624">
    <p class='ocr_par' dir='ltr' id='par_1_1' title="bbox 577 489 1418 624">
     <span class='ocr_line' id='line_1_1' title="bbox 577 489 1418 624; baseline -0.002 -34"><span class='ocrx_word' id='word_1_1' title='bbox 577 491 665 590; x_wconf 87' lang='lat'>288</span> <span class='ocrx_word' id='word_1_2' title='bbox 777 492 1019 624; x_wconf 66' lang='lat' dir='ltr'>‘testimonia</span> <span class='ocrx_word' id='word_1_3' title='bbox 1040 499 1082 590; x_wconf 87' lang='lat' dir='ltr'>in</span> <span class='ocrx_word' id='word_1_4' title='bbox 1103 489 1229 588; x_wconf 84' lang='lat' dir='ltr'>ltalia</span> <span class='ocrx_word' id='word_1_5' title='bbox 1240 492 1418 623; x_wconf 82' lang='lat' dir='ltr'>scripto.</span> 
     </span>
    </p>
   </div>
   <div class='ocr_carea' id='block_1_2' title="bbox 474 758 1840 3137">
    <p class='ocr_par' dir='ltr' id='par_1_2' title="bbox 474 758 1840 3137">
     <span class='ocr_line' id='line_1_2' title="bbox 574 758 1601 843; baseline -0.005 -16"><span class='ocrx_word' id='word_1_6' title='bbox 574 761 743 838; x_wconf 85' lang='lat' dir='ltr'>Barbenna,</span> <span class='ocrx_word' id='word_1_7' title='bbox 766 761 805 823; x_wconf 92' lang='lat' dir='ltr'>de</span> <span class='ocrx_word' id='word_1_8' title='bbox 819 758 940 840; x_wconf 84' lang='lat' dir='ltr'>Bastita,</span> <span class='ocrx_word' id='word_1_9' title='bbox 954 760 993 823; x_wconf 84' lang='lat' dir='ltr'>de</span> <span class='ocrx_word' id='word_1_10' title='bbox 1007 758 1114 839; x_wconf 78' lang='lat' dir='ltr'>Barce,</span> <span class='ocrx_word' id='word_1_11' title='bbox 1128 760 1167 823; x_wconf 88' lang='lat' dir='ltr'>de</span> <span class='ocrx_word' id='word_1_12' title='bbox 1182 759 1401 843; x_wconf 82' lang='lat' dir='ltr'>Romagnanis,</span> <span class='ocrx_word' id='word_1_13' title='bbox 1415 761 1454 824; x_wconf 87' lang='lat' dir='ltr'>de</span> <span class='ocrx_word' id='word_1_14' title='bbox 1469 759 1601 839; x_wconf 87' lang='lat' dir='ltr'>Pelletis,</span> 
     </span>
     <span class='ocr_line' id='line_1_3' title="bbox 574 846 1601 934; baseline -0.002 -20"><span class='ocrx_word' id='word_1_15' title='bbox 574 853 613 914; x_wconf 92' lang='lat' dir='ltr'>de</span> <span class='ocrx_word' id='word_1_16' title='bbox 627 849 730 927; x_wconf 87' lang='lat' dir='ltr'>Costa,</span> <span class='ocrx_word' id='word_1_17' title='bbox 750 847 788 911; x_wconf 87' lang='lat' dir='ltr'>de</span> <span class='ocrx_word' id='word_1_18' title='bbox 803 847 949 930; x_wconf 85' lang='lat' dir='ltr'>Capellis,</span> <span class='ocrx_word' id='word_1_19' title='bbox 972 849 1010 911; x_wconf 92' lang='lat' dir='ltr'>de</span> <span class='ocrx_word' id='word_1_20' title='bbox 1025 847 1218 934; x_wconf 85' lang='lat' dir='ltr'>Montagnis,</span> <span class='ocrx_word' id='word_1_21' title='bbox 1239 846 1299 911; x_wconf 86' lang='lat' dir='ltr'>five</span> <span class='ocrx_word' id='word_1_22' title='bbox 1318 850 1356 912; x_wconf 94' lang='lat' dir='ltr'>de</span> <span class='ocrx_word' id='word_1_23' title='bbox 1376 846 1601 932; x_wconf 84' lang='lat' dir='ltr'>Montagnano,</span> 
     </span>
     <span class='ocr_line' id='line_1_4' title="bbox 574 933 1719 1021; baseline 0.001 -18"><span class='ocrx_word' id='word_1_24' title='bbox 574 942 612 1003; x_wconf 87' lang='lat' dir='ltr'>tle</span> <span class='ocrx_word' id='word_1_25' title='bbox 637 937 823 1014; x_wconf 86' lang='lat' dir='ltr'>Cortizanis,</span> <span class='ocrx_word' id='word_1_26' title='bbox 849 937 888 999; x_wconf 90' lang='lat' dir='ltr'>de</span> <span class='ocrx_word' id='word_1_27' title='bbox 913 933 1071 1017; x_wconf 85' lang='lat' dir='ltr'>Afinariis,</span> <span class='ocrx_word' id='word_1_28' title='bbox 1098 939 1136 1000; x_wconf 89' lang='lat' dir='ltr'>de</span> <span class='ocrx_word' id='word_1_29' title='bbox 1163 937 1306 1012; x_wconf 85' lang='lat' dir='ltr'>Rotariis‚</span> <span class='ocrx_word' id='word_1_30' title='bbox 1334 938 1372 1000; x_wconf 88' lang='lat' dir='ltr'>de</span> <span class='ocrx_word' id='word_1_31' title='bbox 1402 936 1535 1021; x_wconf 81' lang='lat' dir='ltr'>campo,</span> <span class='ocrx_word' id='word_1_32' title='bbox 1562 940 1600 1001; x_wconf 89' lang='lat' dir='ltr'>de</span> <span class='ocrx_word' id='word_1_33' title='bbox 1714 997 1719 1004; x_wconf 93' lang='lat'><em>.</em></span> 
     </span>
     <span class='ocr_line' id='line_1_5' title="bbox 574 1024 1840 1108; baseline -0.003 -16"><span class='ocrx_word' id='word_1_34' title='bbox 574 1028 724 1105; x_wconf 81' lang='lat' dir='ltr'>Cathena,</span> <span class='ocrx_word' id='word_1_35' title='bbox 738 1027 776 1087; x_wconf 87' lang='lat' dir='ltr'>de</span> <span class='ocrx_word' id='word_1_36' title='bbox 787 1025 880 1104; x_wconf 88' lang='lat' dir='ltr'>Rota,-</span> <span class='ocrx_word' id='word_1_37' title='bbox 893 1026 931 1087; x_wconf 88' lang='lat' dir='ltr'>de</span> <span class='ocrx_word' id='word_1_38' title='bbox 943 1025 1102 1105; x_wconf 88' lang='lat' dir='ltr'>Gardinis,</span> <span class='ocrx_word' id='word_1_39' title='bbox 1116 1026 1154 1089; x_wconf 89' lang='lat' dir='ltr'>de</span> <span class='ocrx_word' id='word_1_40' title='bbox 1167 1024 1353 1108; x_wconf 83' lang='lat' dir='ltr'>Malabayla,</span> <span class='ocrx_word' id='word_1_41' title='bbox 1367 1026 1405 1089; x_wconf 92' lang='lat' dir='ltr'>de</span> <span class='ocrx_word' id='word_1_42' title='bbox 1416 1025 1600 1106; x_wconf 87' lang='lat' dir='ltr'>Guttuariis,</span> <span class='ocrx_word' id='word_1_43' title='bbox 1613 1051 1636 1098; x_wconf 75' lang='lat' dir='ltr'>p·</span> <span class='ocrx_word' id='word_1_44' title='bbox 1650 1043 1705 1095; x_wconf 80' lang='lat'>350</span> <span class='ocrx_word' id='word_1_45' title='bbox 1839 1085 1840 1102; x_wconf 49' lang='lat'>,</span> 
     </span>
     <span class='ocr_line' id='line_1_6' title="bbox 574 1111 1840 1199; baseline -0.005 -19"><span class='ocrx_word' id='word_1_46' title='bbox 574 1117 612 1180; x_wconf 89' lang='lat' dir='ltr'>de</span> <span class='ocrx_word' id='word_1_47' title='bbox 623 1115 770 1193; x_wconf 76' lang='lat' dir='ltr'>Cononis,</span> <span class='ocrx_word' id='word_1_48' title='bbox 779 1112 810 1175; x_wconf 75' lang='grc' dir='ltr'>δι</span> <span class='ocrx_word' id='word_1_49' title='bbox 818 1114 857 1175; x_wconf 84' lang='lat' dir='ltr'>de</span> <span class='ocrx_word' id='word_1_50' title='bbox 865 1112 1001 1194; x_wconf 90' lang='lat' dir='ltr'>pluribus</span> <span class='ocrx_word' id='word_1_51' title='bbox 1012 1114 1086 1178; x_wconf 88' lang='lat' dir='ltr'>aliis.</span> <span class='ocrx_word' id='word_1_52' title='bbox 1103 1114 1154 1178; x_wconf 91' lang='lat' dir='ltr'>De</span> <span class='ocrx_word' id='word_1_53' title='bbox 1166 1114 1287 1178; x_wconf 86' lang='lat' dir='ltr'>familiis</span> <span class='ocrx_word' id='word_1_54' title='bbox 1300 1114 1338 1177; x_wconf 89' lang='lat' dir='ltr'>de</span> <span class='ocrx_word' id='word_1_55' title='bbox 1350 1116 1468 1199; x_wconf 91' lang='lat' dir='ltr'>populo</span> <span class='ocrx_word' id='word_1_56' title='bbox 1479 1115 1601 1179; x_wconf 88' lang='lat' dir='ltr'>fuerunt</span> <span class='ocrx_word' id='word_1_57' title='bbox 1839 1111 1840 1174; x_wconf 69' lang='lat' dir='ltr'>i</span> 
     </span>
     <span class='ocr_line' id='line_1_7' title="bbox 575 1201 1600 1289; baseline 0 -23"><span class='ocrx_word' id='word_1_58' title='bbox 575 1205 675 1289; x_wconf 89' lang='lat' dir='ltr'>plures</span> <span class='ocrx_word' id='word_1_59' title='bbox 689 1204 727 1266; x_wconf 94' lang='lat' dir='ltr'>de</span> <span class='ocrx_word' id='word_1_60' title='bbox 736 1204 854 1283; x_wconf 82' lang='lat' dir='ltr'>Vincis,</span> <span class='ocrx_word' id='word_1_61' title='bbox 868 1204 907 1265; x_wconf 90' lang='lat' dir='ltr'>de</span> <span class='ocrx_word' id='word_1_62' title='bbox 923 1203 1039 1282; x_wconf 87' lang='lat' dir='ltr'>Boetis,</span> <span class='ocrx_word' id='word_1_63' title='bbox 1053 1204 1091 1265; x_wconf 88' lang='lat' dir='ltr'>de</span> <span class='ocrx_word' id='word_1_64' title='bbox 1106 1201 1303 1282; x_wconf 83' lang='lat' dir='ltr'>Cacberanis,</span> <span class='ocrx_word' id='word_1_65' title='bbox 1317 1205 1356 1264; x_wconf 87' lang='lat' dir='ltr'>de</span> <span class='ocrx_word' id='word_1_66' title='bbox 1371 1201 1548 1268; x_wconf 90' lang='lat' dir='ltr'>Comitibus</span> <span class='ocrx_word' id='word_1_67' title='bbox 1562 1207 1600 1267; x_wconf 88' lang='lat' dir='ltr'>de</span> 
     </span>
     <span class='ocr_line' id='line_1_8' title="bbox 575 1289 1601 1373; baseline -0.002 -16"><span class='ocrx_word' id='word_1_68' title='bbox 575 1293 680 1373; x_wconf 82' lang='lat' dir='ltr'>Bostis,</span> <span class='ocrx_word' id='word_1_69' title='bbox 693 1294 732 1355; x_wconf 84' lang='lat' dir='ltr'>de</span> <span class='ocrx_word' id='word_1_70' title='bbox 746 1291 873 1370; x_wconf 81' lang='lat' dir='ltr'>Rubeis,</span> <span class='ocrx_word' id='word_1_71' title='bbox 887 1292 924 1353; x_wconf 92' lang='lat' dir='ltr'>de</span> <span class='ocrx_word' id='word_1_72' title='bbox 939 1289 1099 1371; x_wconf 83' lang='lat' dir='ltr'>Barberiis,</span> <span class='ocrx_word' id='word_1_73' title='bbox 1113 1293 1151 1355; x_wconf 89' lang='lat' dir='ltr'>de</span> <span class='ocrx_word' id='word_1_74' title='bbox 1166 1291 1336 1373; x_wconf 87' lang='lat' dir='ltr'>Astexanis,</span> <span class='ocrx_word' id='word_1_75' title='bbox 1350 1295 1388 1356; x_wconf 90' lang='lat' dir='ltr'>de</span> <span class='ocrx_word' id='word_1_76' title='bbox 1403 1293 1548 1373; x_wconf 85' lang='lat' dir='ltr'>Rotariis,</span> <span class='ocrx_word' id='word_1_77' title='bbox 1563 1294 1601 1356; x_wconf 88' lang='lat' dir='ltr'>de</span> 
     </span>
     <span class='ocr_line' id='line_1_9' title="bbox 474 1379 1600 1462; baseline -0.001 -16"><span class='ocrx_word' id='word_1_78' title='bbox 474 1429 478 1446; x_wconf 91' lang='lat'>.</span> <span class='ocrx_word' id='word_1_79' title='bbox 575 1381 745 1458; x_wconf 88' lang='lat' dir='ltr'>Botonatis,</span> <span class='ocrx_word' id='word_1_80' title='bbox 765 1379 803 1442; x_wconf 91' lang='lat' dir='ltr'>de</span> <span class='ocrx_word' id='word_1_81' title='bbox 822 1379 996 1458; x_wconf 83' lang='lat' dir='ltr'>Rabeianis,</span> <span class='ocrx_word' id='word_1_82' title='bbox 1018 1382 1056 1442; x_wconf 90' lang='lat' dir='ltr'>de</span> <span class='ocrx_word' id='word_1_83' title='bbox 1071 1381 1214 1461; x_wconf 91' lang='lat' dir='ltr'>Vettulis,</span> <span class='ocrx_word' id='word_1_84' title='bbox 1234 1383 1271 1443; x_wconf 91' lang='lat' dir='ltr'>de</span> <span class='ocrx_word' id='word_1_85' title='bbox 1287 1380 1399 1461; x_wconf 85' lang='lat' dir='ltr'>Platea,</span> <span class='ocrx_word' id='word_1_86' title='bbox 1420 1383 1459 1445; x_wconf 84' lang='lat' dir='ltr'>de</span> <span class='ocrx_word' id='word_1_87' title='bbox 1473 1382 1600 1462; x_wconf 89' lang='lat' dir='ltr'>Ursetis,</span> 
     </span>
     <span class='ocr_line' id='line_1_10' title="bbox 575 1466 1600 1552; baseline 0 -20"><span class='ocrx_word' id='word_1_88' title='bbox 575 1470 612 1534; x_wconf 90' lang='lat' dir='ltr'>de</span> <span class='ocrx_word' id='word_1_89' title='bbox 627 1469 743 1552; x_wconf 86' lang='lat' dir='ltr'>Raspis,</span> <span class='ocrx_word' id='word_1_90' title='bbox 765 1469 804 1531; x_wconf 90' lang='lat' dir='ltr'>de</span> <span class='ocrx_word' id='word_1_91' title='bbox 818 1466 1011 1548; x_wconf 90' lang='lat' dir='ltr'>Verchiellis,</span> <span class='ocrx_word' id='word_1_92' title='bbox 1034 1469 1072 1531; x_wconf 88' lang='lat' dir='ltr'>de</span> <span class='ocrx_word' id='word_1_93' title='bbox 1087 1469 1179 1549; x_wconf 86' lang='lat' dir='ltr'>offis,</span> <span class='ocrx_word' id='word_1_94' title='bbox 1200 1470 1239 1532; x_wconf 87' lang='lat' dir='ltr'>de</span> <span class='ocrx_word' id='word_1_95' title='bbox 1255 1467 1417 1549; x_wconf 78' lang='lat' dir='ltr'>Maffariis,</span> <span class='ocrx_word' id='word_1_96' title='bbox 1432 1471 1470 1533; x_wconf 89' lang='lat' dir='ltr'>de</span> <span class='ocrx_word' id='word_1_97' title='bbox 1485 1469 1600 1548; x_wconf 88' lang='lat' dir='ltr'>Genta,</span> 
     </span>
     <span class='ocr_line' id='line_1_11' title="bbox 575 1554 1600 1639; baseline -0.001 -17"><span class='ocrx_word' id='word_1_98' title='bbox 575 1559 613 1622; x_wconf 87' lang='lat' dir='ltr'>de</span> <span class='ocrx_word' id='word_1_99' title='bbox 637 1558 756 1635; x_wconf 91' lang='lat' dir='ltr'>Rocha,</span> <span class='ocrx_word' id='word_1_100' title='bbox 782 1556 821 1618; x_wconf 91' lang='lat' dir='ltr'>de</span> <span class='ocrx_word' id='word_1_101' title='bbox 846 1554 951 1636; x_wconf 88' lang='lat' dir='ltr'>Busca,</span> <span class='ocrx_word' id='word_1_102' title='bbox 979 1555 1017 1619; x_wconf 93' lang='lat' dir='ltr'>de</span> <span class='ocrx_word' id='word_1_103' title='bbox 1043 1556 1209 1637; x_wconf 88' lang='lat' dir='ltr'>Boschetis,</span> <span class='ocrx_word' id='word_1_104' title='bbox 1237 1560 1275 1620; x_wconf 89' lang='lat' dir='ltr'>de</span> <span class='ocrx_word' id='word_1_105' title='bbox 1298 1558 1408 1630; x_wconf 64' lang='lat' dir='ltr'>Sancta</span> <span class='ocrx_word' id='word_1_106' title='bbox 1427 1557 1539 1639; x_wconf 86' lang='lat' dir='ltr'>Maria,</span> <span class='ocrx_word' id='word_1_107' title='bbox 1563 1559 1600 1621; x_wconf 88' lang='lat' dir='ltr'>de</span> 
     </span>
     <span class='ocr_line' id='line_1_12' title="bbox 575 1642 1600 1730; baseline -0.001 -21"><span class='ocrx_word' id='word_1_108' title='bbox 575 1646 754 1725; x_wconf 63' lang='lat' dir='ltr'>Ambrosris</span> <span class='ocrx_word' id='word_1_109' title='bbox 764 1646 803 1707; x_wconf 86' lang='lat' dir='ltr'>de</span> <span class='ocrx_word' id='word_1_110' title='bbox 815 1644 1012 1722; x_wconf 85' lang='lat' dir='ltr'>Cillionibus,</span> <span class='ocrx_word' id='word_1_111' title='bbox 1025 1642 1055 1706; x_wconf 76' lang='grc' dir='ltr'>δι</span> <span class='ocrx_word' id='word_1_112' title='bbox 1067 1644 1105 1707; x_wconf 87' lang='lat' dir='ltr'>de</span> <span class='ocrx_word' id='word_1_113' title='bbox 1116 1644 1252 1723; x_wconf 82' lang='lat' dir='ltr'>pluribus</span> <span class='ocrx_word' id='word_1_114' title='bbox 1267 1645 1342 1709; x_wconf 86' lang='lat' dir='ltr'>aliis.</span> <span class='ocrx_word' id='word_1_115' title='bbox 1358 1646 1512 1711; x_wconf 88' lang='lat' dir='ltr'>Stantibus</span> <span class='ocrx_word' id='word_1_116' title='bbox 1527 1665 1600 1730; x_wconf 87' lang='lat' dir='ltr'>ergo</span> 
     </span>
     <span class='ocr_line' id='line_1_13' title="bbox 576 1732 1601 1818; baseline 0.002 -22"><span class='ocrx_word' id='word_1_117' title='bbox 576 1733 770 1818; x_wconf 82' lang='lat' dir='ltr'>imperatore,</span> <span class='ocrx_word' id='word_1_118' title='bbox 791 1734 899 1798; x_wconf 87' lang='lat' dir='ltr'>&amp;eius</span> <span class='ocrx_word' id='word_1_119' title='bbox 914 1732 1061 1796; x_wconf 88' lang='lat' dir='ltr'>militibus</span> <span class='ocrx_word' id='word_1_120' title='bbox 1077 1732 1248 1816; x_wconf 85' lang='lat' dir='ltr'>Brundusrj,</span> <span class='ocrx_word' id='word_1_121' title='bbox 1262 1732 1288 1795; x_wconf 88' lang='lat' dir='ltr'><strong>F</strong></span> <span class='ocrx_word' id='word_1_122' title='bbox 1289 1732 1427 1798; x_wconf 89' lang='lat' dir='ltr'>edericus</span> <span class='ocrx_word' id='word_1_123' title='bbox 1442 1733 1558 1818; x_wconf 89' lang='lat' dir='ltr'>fingens</span> <span class='ocrx_word' id='word_1_124' title='bbox 1572 1733 1601 1798; x_wconf 87' lang='lat' dir='ltr'>se</span> 
     </span>
     <span class='ocr_line' id='line_1_14' title="bbox 575 1821 1602 1906; baseline -0.002 -20"><span class='ocrx_word' id='word_1_125' title='bbox 575 1821 633 1887; x_wconf 84' lang='lat' dir='ltr'>else</span> <span class='ocrx_word' id='word_1_126' title='bbox 648 1838 799 1906; x_wconf 83' lang='lat' dir='ltr'>egrotum,</span> <span class='ocrx_word' id='word_1_127' title='bbox 823 1821 978 1904; x_wconf 67' lang='lat' dir='ltr'>proseblus</span> <span class='ocrx_word' id='word_1_128' title='bbox 992 1821 1078 1884; x_wconf 89' lang='lat' dir='ltr'>estin</span> <span class='ocrx_word' id='word_1_129' title='bbox 1094 1821 1238 1899; x_wconf 90' lang='lat' dir='ltr'>Siciliam,</span> <span class='ocrx_word' id='word_1_130' title='bbox 1256 1821 1361 1904; x_wconf 90' lang='lat' dir='ltr'>ibique</span> <span class='ocrx_word' id='word_1_131' title='bbox 1376 1822 1407 1884; x_wconf 91' lang='lat' dir='ltr'>in</span> <span class='ocrx_word' id='word_1_132' title='bbox 1422 1823 1486 1885; x_wconf 90' lang='lat' dir='ltr'>otio</span> <span class='ocrx_word' id='word_1_133' title='bbox 1501 1842 1602 1886; x_wconf 90' lang='lat' dir='ltr'>mora-</span> 
     </span>
     <span class='ocr_line' id='line_1_15' title="bbox 576 1907 1601 1993; baseline -0.001 -19"><span class='ocrx_word' id='word_1_134' title='bbox 576 1927 635 1990; x_wconf 86' lang='lat' dir='ltr'>tur,</span> <span class='ocrx_word' id='word_1_135' title='bbox 655 1909 704 1974; x_wconf 88' lang='lat' dir='ltr'>sed</span> <span class='ocrx_word' id='word_1_136' title='bbox 725 1931 796 1974; x_wconf 92' lang='lat' dir='ltr'>cum</span> <span class='ocrx_word' id='word_1_137' title='bbox 819 1925 951 1972; x_wconf 88' lang='lat' dir='ltr'>mortem</span> <span class='ocrx_word' id='word_1_138' title='bbox 977 1909 1143 1993; x_wconf 86' lang='lat' dir='ltr'>landgravij</span> <span class='ocrx_word' id='word_1_139' title='bbox 1161 1907 1271 1988; x_wconf 85' lang='lat' dir='ltr'>Haffie‚</span> <span class='ocrx_word' id='word_1_140' title='bbox 1296 1910 1349 1992; x_wconf 92' lang='lat' dir='ltr'>qui</span> <span class='ocrx_word' id='word_1_141' title='bbox 1373 1911 1405 1971; x_wconf 91' lang='lat' dir='ltr'>in</span> <span class='ocrx_word' id='word_1_142' title='bbox 1431 1907 1601 1974; x_wconf 75' lang='lat' dir='ltr'>Brundusio</span> 
     </span>
     <span class='ocr_line' id='line_1_16' title="bbox 576 1994 1602 2082; baseline 0.002 -21"><span class='ocrx_word' id='word_1_143' title='bbox 576 2014 715 2061; x_wconf 86' lang='lat' dir='ltr'>mortuus</span> <span class='ocrx_word' id='word_1_144' title='bbox 728 1998 835 2077; x_wconf 85' lang='lat' dir='ltr'>fuerat,</span> <span class='ocrx_word' id='word_1_145' title='bbox 855 1994 1021 2075; x_wconf 85' lang='lat' dir='ltr'>audiviffet,</span> <span class='ocrx_word' id='word_1_146' title='bbox 1042 1997 1215 2061; x_wconf 88' lang='lat' dir='ltr'>festinanter</span> <span class='ocrx_word' id='word_1_147' title='bbox 1229 1994 1431 2060; x_wconf 76' lang='lat' dir='ltr'>Brundusium</span> <span class='ocrx_word' id='word_1_148' title='bbox 1447 1997 1602 2082; x_wconf 65' lang='lat' dir='ltr'>prostitue</span> 
     </span>
     <span class='ocr_line' id='line_1_17' title="bbox 576 2083 1840 2169; baseline -0.003 -19"><span class='ocrx_word' id='word_1_149' title='bbox 576 2086 628 2166; x_wconf 87' lang='lat' dir='ltr'>est,</span> <span class='ocrx_word' id='word_1_150' title='bbox 646 2107 831 2169; x_wconf 89' lang='lat' dir='ltr'>omnemque</span> <span class='ocrx_word' id='word_1_151' title='bbox 853 2085 1016 2167; x_wconf 89' lang='lat' dir='ltr'>landgravij</span> <span class='ocrx_word' id='word_1_152' title='bbox 1033 2083 1224 2148; x_wconf 87' lang='lat' dir='ltr'>substantiam</span> <span class='ocrx_word' id='word_1_153' title='bbox 1238 2085 1378 2167; x_wconf 85' lang='lat' dir='ltr'>diripuit;</span> <span class='ocrx_word' id='word_1_154' title='bbox 1398 2083 1501 2169; x_wconf 83' lang='lat' dir='ltr'>postea</span> <span class='ocrx_word' id='word_1_155' title='bbox 1515 2085 1601 2150; x_wconf 85' lang='lat' dir='ltr'>navi·</span> <span class='ocrx_word' id='word_1_156' title='bbox 1839 2135 1840 2154; x_wconf 64' lang='lat'>,</span> 
     </span>
     <span class='ocr_line' id='line_1_18' title="bbox 574 2170 1840 2258; baseline -0.002 -21"><span class='ocrx_word' id='word_1_157' title='bbox 574 2175 728 2258; x_wconf 88' lang='lat' dir='ltr'>gationem</span> <span class='ocrx_word' id='word_1_158' title='bbox 753 2173 853 2236; x_wconf 89' lang='lat' dir='ltr'>versus</span> <span class='ocrx_word' id='word_1_159' title='bbox 880 2170 1180 2256; x_wconf 85' lang='lat' dir='ltr'>Constantinopolim</span> <span class='ocrx_word' id='word_1_160' title='bbox 1202 2174 1322 2252; x_wconf 89' lang='lat' dir='ltr'>direxit,</span> <span class='ocrx_word' id='word_1_161' title='bbox 1347 2172 1480 2236; x_wconf 88' lang='lat' dir='ltr'>sednon</span> <span class='ocrx_word' id='word_1_162' title='bbox 1503 2175 1601 2237; x_wconf 93' lang='lat' dir='ltr'>multo</span> <span class='ocrx_word' id='word_1_163' title='bbox 1721 2247 1724 2252; x_wconf 28' lang='grc' dir='ltr'>Ι</span> <span class='ocrx_word' id='word_1_164' title='bbox 1839 2221 1840 2234; x_wconf 64' lang='grc'>,</span> 
     </span>
     <span class='ocr_line' id='line_1_19' title="bbox 577 2259 1602 2346; baseline 0 -20"><span class='ocrx_word' id='word_1_165' title='bbox 577 2262 644 2346; x_wconf 87' lang='lat' dir='ltr'>post</span> <span class='ocrx_word' id='word_1_166' title='bbox 658 2263 749 2326; x_wconf 90' lang='lat' dir='ltr'>rediit</span> <span class='ocrx_word' id='word_1_167' title='bbox 760 2261 877 2346; x_wconf 87' lang='lat' dir='ltr'>fingens</span> <span class='ocrx_word' id='word_1_168' title='bbox 891 2261 920 2322; x_wconf 93' lang='lat' dir='ltr'>se</span> <span class='ocrx_word' id='word_1_169' title='bbox 935 2259 964 2322; x_wconf 88' lang='lat' dir='ltr'>vl</span> <span class='ocrx_word' id='word_1_170' title='bbox 979 2260 1165 2342; x_wconf 87' lang='lat' dir='ltr'>tempestatis</span> <span class='ocrx_word' id='word_1_171' title='bbox 1179 2261 1346 2336; x_wconf 67' lang='lat' dir='ltr'>deiebium3</span> <span class='ocrx_word' id='word_1_172' title='bbox 1361 2283 1455 2345; x_wconf 87' lang='lat' dir='ltr'>quare</span> <span class='ocrx_word' id='word_1_173' title='bbox 1470 2261 1602 2326; x_wconf 84' lang='lat' dir='ltr'>reversus</span> 
     </span>
     <span class='ocr_line' id='line_1_20' title="bbox 575 2343 1602 2434; baseline -0.002 -20"><span class='ocrx_word' id='word_1_174' title='bbox 575 2351 618 2414; x_wconf 88' lang='lat' dir='ltr'>est</span> <span class='ocrx_word' id='word_1_175' title='bbox 629 2348 839 2414; x_wconf 90' lang='lat' dir='ltr'>Brandufium.</span> <span class='ocrx_word' id='word_1_176' title='bbox 852 2347 949 2411; x_wconf 89' lang='lat' dir='ltr'>Tunc</span> <span class='ocrx_word' id='word_1_177' title='bbox 965 2346 1135 2432; x_wconf 87' lang='lat' dir='ltr'>Gregorius</span> <span class='ocrx_word' id='word_1_178' title='bbox 1149 2370 1248 2412; x_wconf 90' lang='lat' dir='ltr'>nonus</span> <span class='ocrx_word' id='word_1_179' title='bbox 1261 2349 1407 2431; x_wconf 83' lang='lat' dir='ltr'>pontifex,</span> <span class='ocrx_word' id='word_1_180' title='bbox 1424 2351 1477 2434; x_wconf 91' lang='lat' dir='ltr'>qui</span> <span class='ocrx_word' id='word_1_181' title='bbox 1492 2343 1602 2414; x_wconf 62' lang='lat' dir='ltr'>Honoss</span> 
     </span>
     <span class='ocr_line' id='line_1_21' title="bbox 574 2431 1602 2518; baseline 0 -17"><span class='ocrx_word' id='word_1_182' title='bbox 574 2440 620 2501; x_wconf 88' lang='lat' dir='ltr'>rio</span> <span class='ocrx_word' id='word_1_183' title='bbox 629 2433 812 2514; x_wconf 69' lang='lat' dir='ltr'>successerat,</span> <span class='ocrx_word' id='word_1_184' title='bbox 822 2437 946 2518; x_wconf 84' lang='lat' dir='ltr'>cognita</span> <span class='ocrx_word' id='word_1_185' title='bbox 957 2431 982 2496; x_wconf 88' lang='lat' dir='ltr'>F</span> <span class='ocrx_word' id='word_1_186' title='bbox 983 2435 1095 2498; x_wconf 91' lang='lat' dir='ltr'>ederici</span> <span class='ocrx_word' id='word_1_187' title='bbox 1109 2436 1221 2514; x_wconf 87' lang='lat' dir='ltr'>fraude,</span> <span class='ocrx_word' id='word_1_188' title='bbox 1232 2439 1602 2501; x_wconf 86' lang='lat' dir='ltr'>excommunicationibus</span> 
     </span>
     <span class='ocr_line' id='line_1_22' title="bbox 555 2522 1601 2606; baseline -0.001 -17"><span class='ocrx_word' id='word_1_189' title='bbox 555 2525 752 2590; x_wconf 80' lang='lat' dir='ltr'>‘sententiam</span> <span class='ocrx_word' id='word_1_190' title='bbox 774 2525 811 2587; x_wconf 83' lang='lat' dir='ltr'>ab</span> <span class='ocrx_word' id='word_1_191' title='bbox 832 2524 974 2587; x_wconf 91' lang='lat' dir='ltr'>Honorio</span> <span class='ocrx_word' id='word_1_192' title='bbox 996 2523 1146 2606; x_wconf 86' lang='lat' dir='ltr'>prolatam</span> <span class='ocrx_word' id='word_1_193' title='bbox 1167 2522 1370 2587; x_wconf 89' lang='lat' dir='ltr'>confirmavit.</span> <span class='ocrx_word' id='word_1_194' title='bbox 1392 2525 1489 2590; x_wconf 88' lang='lat' dir='ltr'>Tunc</span> <span class='ocrx_word' id='word_1_195' title='bbox 1503 2526 1601 2594; x_wconf 84' lang='lat' dir='ltr'>Fede-</span> 
     </span>
     <span class='ocr_line' id='line_1_23' title="bbox 575 2610 1602 2699; baseline -0.002 -21"><span class='ocrx_word' id='word_1_196' title='bbox 575 2618 656 2678; x_wconf 90' lang='lat' dir='ltr'>ricus</span> <span class='ocrx_word' id='word_1_197' title='bbox 667 2615 757 2676; x_wconf 89' lang='lat' dir='ltr'>minis</span> <span class='ocrx_word' id='word_1_198' title='bbox 766 2610 920 2694; x_wconf 86' lang='lat' dir='ltr'>pontificis</span> <span class='ocrx_word' id='word_1_199' title='bbox 933 2612 1110 2692; x_wconf 58' lang='lat' dir='ltr'>armatus&amp;</span> <span class='ocrx_word' id='word_1_200' title='bbox 1121 2613 1261 2695; x_wconf 88' lang='lat' dir='ltr'>precibus</span> <span class='ocrx_word' id='word_1_201' title='bbox 1271 2613 1441 2676; x_wconf 87' lang='lat' dir='ltr'>amicorum</span> <span class='ocrx_word' id='word_1_202' title='bbox 1453 2615 1602 2699; x_wconf 86' lang='lat' dir='ltr'>fatigatus,</span> 
     </span>
     <span class='ocr_line' id='line_1_24' title="bbox 574 2697 1603 2785; baseline -0.001 -19"><span class='ocrx_word' id='word_1_203' title='bbox 574 2702 729 2785; x_wconf 86' lang='lat' dir='ltr'>navigavit</span> <span class='ocrx_word' id='word_1_204' title='bbox 750 2702 779 2762; x_wconf 92' lang='lat' dir='ltr'>in</span> <span class='ocrx_word' id='word_1_205' title='bbox 795 2699 945 2783; x_wconf 88' lang='lat' dir='ltr'>Cyprum.</span> <span class='ocrx_word' id='word_1_206' title='bbox 968 2697 1089 2763; x_wconf 86' lang='lat' dir='ltr'>Interea</span> <span class='ocrx_word' id='word_1_207' title='bbox 1110 2717 1212 2764; x_wconf 88' lang='lat' dir='ltr'>tamen</span> <span class='ocrx_word' id='word_1_208' title='bbox 1229 2700 1417 2784; x_wconf 85' lang='lat' dir='ltr'>Reginaldus</span> <span class='ocrx_word' id='word_1_209' title='bbox 1431 2724 1503 2765; x_wconf 89' lang='lat' dir='ltr'>cum</span> <span class='ocrx_word' id='word_1_210' title='bbox 1517 2723 1603 2765; x_wconf 86' lang='lat' dir='ltr'>exer-</span> 
     </span>
     <span class='ocr_line' id='line_1_25' title="bbox 575 2785 1603 2873; baseline -0.001 -20"><span class='ocrx_word' id='word_1_211' title='bbox 575 2792 649 2869; x_wconf 90' lang='lat' dir='ltr'>citu,</span> <span class='ocrx_word' id='word_1_212' title='bbox 674 2809 766 2873; x_wconf 90' lang='lat' dir='ltr'>quem</span> <span class='ocrx_word' id='word_1_213' title='bbox 790 2785 815 2850; x_wconf 88' lang='lat' dir='ltr'>F</span> <span class='ocrx_word' id='word_1_214' title='bbox 816 2787 955 2850; x_wconf 89' lang='lat' dir='ltr'>edericus</span> <span class='ocrx_word' id='word_1_215' title='bbox 978 2786 1140 2872; x_wconf 87' lang='lat' dir='ltr'>reliquerat</span> <span class='ocrx_word' id='word_1_216' title='bbox 1162 2788 1192 2850; x_wconf 90' lang='lat' dir='ltr'>in</span> <span class='ocrx_word' id='word_1_217' title='bbox 1212 2787 1324 2866; x_wconf 85' lang='lat' dir='ltr'>Sicilia,</span> <span class='ocrx_word' id='word_1_218' title='bbox 1341 2788 1480 2853; x_wconf 87' lang='lat' dir='ltr'>adversus</span> <span class='ocrx_word' id='word_1_219' title='bbox 1501 2791 1603 2873; x_wconf 92' lang='lat' dir='ltr'>ponti-</span> 
     </span>
     <span class='ocr_line' id='line_1_26' title="bbox 575 2873 1602 2958; baseline 0.002 -22"><span class='ocrx_word' id='word_1_220' title='bbox 575 2873 666 2938; x_wconf 88' lang='lat' dir='ltr'>ficem</span> <span class='ocrx_word' id='word_1_221' title='bbox 686 2895 824 2958; x_wconf 82' lang='lat' dir='ltr'>pergens,</span> <span class='ocrx_word' id='word_1_222' title='bbox 845 2875 941 2939; x_wconf 89' lang='lat' dir='ltr'>multa</span> <span class='ocrx_word' id='word_1_223' title='bbox 957 2875 1052 2939; x_wconf 87' lang='lat' dir='ltr'>castra</span> <span class='ocrx_word' id='word_1_224' title='bbox 1066 2877 1096 2938; x_wconf 90' lang='lat' dir='ltr'>in</span> <span class='ocrx_word' id='word_1_225' title='bbox 1107 2873 1194 2939; x_wconf 87' lang='lat' dir='ltr'>Italia</span> <span class='ocrx_word' id='word_1_226' title='bbox 1209 2876 1292 2938; x_wconf 88' lang='lat' dir='ltr'>circa</span> <span class='ocrx_word' id='word_1_227' title='bbox 1308 2873 1495 2940; x_wconf 89' lang='lat' dir='ltr'>Placentiam</span> <span class='ocrx_word' id='word_1_228' title='bbox 1509 2897 1602 2939; x_wconf 90' lang='lat' dir='ltr'>occu-</span> 
     </span>
     <span class='ocr_line' id='line_1_27' title="bbox 598 2963 1602 3046; baseline 0.003 -20"><span class='ocrx_word' id='word_1_229' title='bbox 598 2965 669 3044; x_wconf 85' lang='lat' dir='ltr'>avit,</span> <span class='ocrx_word' id='word_1_230' title='bbox 683 2963 713 3027; x_wconf 76' lang='grc' dir='ltr'>δι</span> <span class='ocrx_word' id='word_1_231' title='bbox 727 2965 838 3027; x_wconf 90' lang='lat' dir='ltr'>eodem</span> <span class='ocrx_word' id='word_1_232' title='bbox 853 2979 992 3046; x_wconf 89' lang='lat' dir='ltr'>tempore</span> <span class='ocrx_word' id='word_1_233' title='bbox 1008 2963 1096 3027; x_wconf 89' lang='lat' dir='ltr'>Alvis</span> <span class='ocrx_word' id='word_1_234' title='bbox 1112 2964 1173 3026; x_wconf 88' lang='lat' dir='ltr'>dux</span> <span class='ocrx_word' id='word_1_235' title='bbox 1188 2965 1337 3027; x_wconf 87' lang='lat' dir='ltr'>exercitus</span> <span class='ocrx_word' id='word_1_236' title='bbox 1351 2963 1488 3028; x_wconf 90' lang='lat' dir='ltr'>Federici</span> <span class='ocrx_word' id='word_1_237' title='bbox 1503 2965 1602 3029; x_wconf 69' lang='lat' dir='ltr'>dietus</span> 
     </span>
     <span class='ocr_line' id='line_1_28' title="bbox 577 2988 1602 3137; baseline 0 -21"><span class='ocrx_word' id='word_1_238' title='bbox 577 2988 761 3137; x_wconf 59' lang='lat' dir='ltr'>l&#39;ulgineum</span> <span class='ocrx_word' id='word_1_239' title='bbox 776 3054 950 3136; x_wconf 83' lang='lat' dir='ltr'>occupavit,</span> <span class='ocrx_word' id='word_1_240' title='bbox 963 3073 1053 3137; x_wconf 83' lang='lat' dir='ltr'>aqua</span> <span class='ocrx_word' id='word_1_241' title='bbox 1065 3052 1188 3118; x_wconf 88' lang='lat' dir='ltr'>civitate</span> <span class='ocrx_word' id='word_1_242' title='bbox 1203 3050 1373 3134; x_wconf 88' lang='lat' dir='ltr'>paulopost</span> <span class='ocrx_word' id='word_1_243' title='bbox 1388 3052 1444 3116; x_wconf 87' lang='lat' dir='ltr'>fuit</span> <span class='ocrx_word' id='word_1_244' title='bbox 1453 3053 1602 3136; x_wconf 87' lang='lat' dir='ltr'>expulsus.</span> 
     </span>
    </p>
   </div>
   <div class='ocr_carea' id='block_1_3' title="bbox 0 0 1867 5620">
    <p class='ocr_par' dir='ltr' id='par_1_3' title="bbox 0 0 1867 5620">
     <span class='ocr_line' id='line_1_29' title="bbox 0 0 1867 5620; baseline 0 0"><span class='ocrx_word' id='word_1_245' title='bbox 0 0 1867 5620; x_wconf 95' lang='lat' dir='ltr'> </span> 
     </span>
    </p>
   </div>
  </div>
 </body>
</html>
