3656 5648
413 565 486 658 49.
522 530 712 628 Annales
734 529 784 628 cle,
808 530 1055 666 Dunstnple.
1192 537 1248 660 65

225 795 254 860 δι
277 817 348 881 rege
373 797 520 882 Ungarie,
545 796 574 859 δι
596 797 675 858 duce
694 797 732 858 de
753 797 786 862 O
814 798 861 881 rij,
876 797 1036 860 &civibus
1052 797 1210 879 Romanis,
1225 799 1255 863 dt

227 885 292 950 aliis
307 887 548 970 circumquoque
563 885 772 952 confluentibu

265 1021 287 1036 ..
299 1021 307 1038 .
319 1021 342 1036 ..
359 973 436 1060 Quo
452 996 533 1037 anno
548 990 637 1057 capta
649 973 692 1037 est
707 974 883 1050 Damietta3
898 975 928 1036 in
948 997 1009 1058 qua
1026 977 1170 1059 captione
1191 994 1255 1042 tota

226 1061 363 1126 Ecclesia
376 1064 514 1148 predicat
527 1063 557 1126 dt
572 1062 692 1126 extollit
707 1063 841 1127 Comitis
856 1063 973 1126 Cestrie
998 1064 1191 1146 probitatem.
1216 1064 1253 1128 In
1387 1074 1390 1080 ’

226 1173 286 1236 qua
300 1149 469 1232 Damietta,
481 1152 598 1215 ultione
612 1152 725 1230 divina,
736 1168 819 1213 tanta
829 1151 886 1214 suit
901 1151 1060 1214 hominum
1077 1155 1254 1235 mortalitas,

144 1268 167 1314 p.
180 1251 211 1312 5⁶
225 1239 308 1323 quod
323 1239 475 1302 christiani
488 1240 637 1303 dederunt
648 1241 705 1304 tria
716 1239 812 1302 millia
824 1239 1020 1303 bisantiorum
1033 1263 1088 1320 pro
1101 1243 1253 1308 trahendis

225 1329 261 1391 ad
274 1327 401 1391 fluvium
413 1330 587 1411 proximum
602 1329 800 1391 cadaveribus
821 1327 1052 1406 defunetorum3
1071 1352 1164 1413 quem
1180 1332 1253 1394 dum

225 1421 371 1482 intrarent
385 1418 549 1496 christiani,
560 1419 602 1481 ita
615 1417 687 1480 secit
702 1417 860 1483 Dominus
874 1419 984 1483 Nilum
999 1421 1158 1498 inundare,
1169 1419 1252 1503 quod

224 1508 343 1591 pagani,
354 1507 406 1590 qui
422 1506 607 1570 extrinsecus
622 1505 811 1586 obsederant,
824 1508 973 1590 populum
988 1508 1183 1571 christianum
1198 1530 1253 1592 ap-

224 1597 374 1678 propiare,
388 1593 437 1655 vel
451 1594 495 1656 eis
510 1615 622 1656 nocere
636 1616 698 1656 non
711 1611 860 1676 poterant.
877 1594 1003 1682 Quibus
1016 1618 1068 1679 pre
1077 1595 1253 1658 confusione

223 1682 445 1760 recedentibus,
459 1703 522 1746 non
536 1682 580 1744 est
603 1683 689 1747 ausus
713 1682 822 1766 aliquis
845 1685 922 1746 infra
946 1687 1020 1750 duas
1041 1687 1137 1748 dietas
1159 1705 1253 1768 prope

222 1770 356 1848 refidere3
370 1792 428 1834 nee
438 1770 591 1834 christiani
607 1771 644 1834 ab
660 1773 736 1835 urbe
747 1787 836 1854 capta
849 1773 991 1836 recedere
1003 1773 1255 1856 presumpserunt,

223 1882 263 1923 ne
276 1875 397 1941 captam
413 1858 582 1942 perderent,
596 1862 670 1922 dum
685 1881 796 1943 capere
810 1861 989 1926 niterentur.

353 1947 475 2010 Eodem
495 1969 576 2012 anno
593 1949 721 2030 profesti
744 1948 810 2012 sunt
828 1947 910 2027 illuc,
925 1972 1030 2015 comes
1046 1950 1085 2014 de
1105 1950 1254 2032 Arundel,

221 2059 325 2100 comes
340 2037 378 2100 de
391 2037 567 2118 Wintonia,
582 2037 772 2122 R[obertus]‚
785 2037 865 2102 silius
880 2038 1044 2117 Waltheri,
1059 2037 1253 2103 Baldewinus

222 2124 260 2190 de
274 2125 387 2206 Wehr,
402 2126 586 2210 Glalfridus]
604 2129 641 2190 de
663 2127 786 2205 Luschi,
802 2127 966 2210 O[donel],
990 2125 1069 2190 filius
1088 2127 1252 2190 Wilhelmi

222 2213 260 2276 de
272 2215 420 2298 Aubeny3
436 2213 485 2277 sed
501 2237 605 2279 comes
618 2215 829 2279 Wintonie&
850 2215 1067 2300 Blaldewinus]
1094 2216 1131 2279 de
1151 2216 1254 2278 Wehr

222 2302 337 2365 ibidem
353 2303 507 2382 obierunt,
527 2304 557 2367 dr
579 2303 770 2389 R[obertus],
789 2303 870 2368 lilius
889 2303 1031 2384 Walteri,
1055 2305 1145 2366 rediit
1170 2303 1253 2366 infir·

225 2406 332 2454 matus

146 2499 213 2562 pso
268 2498 352 2544 1220.
394 2477 515 2544 Eodem
529 2501 610 2544 anno
634 2482 723 2543 rediit
741 2502 845 2546 comes
870 2480 1031 2545 Cestrie'
1005 2501 1088 2543 crrca
1111 2479 1297 2543 calendasm
1269 2507 1329 2540 1220

226 2567 354 2652 Augusti
370 2589 441 2630 cum
455 2565 676 2634 constabulario
692 2568 808 2634 Cestrie
823 2570 853 2634 &
868 2568 1003 2631 Brienno
1015 2569 1053 2630 de
1063 2566 1172 2632 Insula
1266 2584 1304 2627 Au
1289 2596 1325 2640 ue
1340 2595 1349 2629 t

144 2677 212 2738 pta
265 2655 387 2720 Eodem
408 2679 488 2720 anno
489 2658 669 2740 ,quoddam
695 2657 838 2740 scriptum
860 2657 1039 2720 arabicum
1032 2672 1190 2719 inventum
1211 2656 1254 2720 est

224 2747 304 2829 apud
329 2745 531 2825 Damiettam,
550 2746 632 2829 quod
657 2745 795 2830 Pelagius
816 2744 996 2829 Apostolice
1021 2745 1105 2808 Sedis
1126 2746 1253 2830 legatus,
1299 2746 1307 2761 “

224 2833 396 2897 transtulit
389 2855 418 2896 tn
435 2794 578 2896 latindm·
570 2837 677 2918 3qu0d
694 2833 868 2898 &Romam
880 2831 974 2896 misrt:
995 2834 1024 2897 δι
1049 2835 1117 2896 inde
1140 2836 1176 2896 ad
1195 2857 1252 2898 nos

225 2920 374 3004 perlatum
399 2921 450 2984 est.
477 2917 514 2983 ln
540 2943 614 3004 quo,
645 2921 695 2985 sub
721 2922 852 3005 quadam
879 2921 1044 2984 verborum
1069 2921 1252 2984 obscuritate

224 3013 399 3074 continetur
428 3027 505 3072 terre
531 3006 771 3073 ierosolimitane
797 3011 971 3089 destrustio,
996 3009 1025 3074 δι
1049 3010 1182 3073 eiusdem
1206 3033 1253 3073 re·

223 3096 611 3248 sspesatl0’&1{,s¹l¹l⁸“⁶
631 3098 745 3182 captio,
767 3098 797 3162 bt
819 3117 880 3161 tam
906 3095 1029 3182 Egypti,
1053 3121 1146 3184 quam
1167 3099 1251 3183 regni

259 3208 402 3250 uteorum
418 3208 471 3270 per
493 3205 558 3250 rtto.

143 3288 209 3350 pta
264 3274 384 3339 Eodem
409 3297 501 3355 anno,
525 3291 672 3359 ceperunt
698 3277 807 3360 pagani
832 3277 987 3340 civitatem
1009 3277 1175 3340 Nazareth.
1210 3274 1253 3340 Et

223 3362 363 3427 soldanus
397 3324 557 3428 Babildnie
588 3364 705 3427 obsedit
732 3364 862 3427 castrum
895 3366 1126 3448 peregrinorum
1157 3363 1251 3428 mensr

224 3452 378 3528 octobri,
400 3452 430 3516 δι
446 3469 491 3514 tot
505 3473 524 3514 a
538 3453 672 3535 partibus
687 3452 746 3518 illis
761 3455 916 3516 redierunt
929 3452 1091 3532 christiani,
1102 3453 1185 3536 quod
1201 3475 1250 3516 re·
1264 3467 1325 3516 otto
1326 3467 1348 3514 s.

223 3535 297 3603 lidui
312 3561 374 3603 non
390 3539 507 3622 pollent
521 3539 549 3603 se
564 3543 652 3620 tueri,
671 3541 725 3604 nist
739 3563 855 3606 novum
871 3542 1017 3605 auxilium
1038 3541 1250 3624 superveniret.

263 3628 384 3692 Eodem
403 3650 495 3707 anno,
519 3645 666 3712 ceperunt
689 3630 842 3694 christiani
864 3631 1020 3694 civitatem
1041 3629 1169 3708 Tasnes,
1191 3652 1251 3713 que

223 3719 285 3781 sere
306 3738 360 3800 per
380 3674 495 3779 dietanl
522 3717 609 3781 distat
632 3741 650 3780 a
674 3716 848 3783 Damietta.
878 3721 928 3782 ubi
950 3719 992 3783 est
1012 3720 1098 3783 locus
1120 3718 1251 3802 piscandi

221 3806 369 3891 ydoneus,
384 3808 415 3871 δι
429 3807 593 3871 multitudo
609 3807 735 3891 piscium
746 3807 874 3891 copiosa.

262 3893 383 3959 Eodem
416 3917 512 3975 anno,
545 3895 647 3959 mense
677 3896 855 3974 decembris,
887 3896 990 3959 Rome
1012 3910 1178 3960 coronatus
1209 3896 1252 3958 est
1264 3912 1375 3960 Decemb.

222 3981 248 4045 F
250 3983 404 4048 rodericus
429 3986 594 4068 imperator
610 3983 843 4068 crucesignatus
865 3983 987 4067 prestita
1004 3985 1085 4068 prius
1108 3985 1252 4048 cautione

222 4071 356 4135 devoto
378 4073 479 4138 crucis
503 4073 704 4158 exsequendo.
722 4069 800 4160 Qui,
824 4077 861 4135 de
886 4071 1012 4136 consilio
1028 4072 1118 4156 Pape,
1138 4073 1251 4137 multos

223 4161 336 4224 milites
361 4161 391 4226 δι
416 4177 548 4224 armatos
564 4161 771 4226 transfretum
788 4161 937 4244 premisrt3
953 4163 1019 4245 post
1033 4161 1172 4244 disposrta
1193 4162 1251 4224 im-

226 4248 299 4332 perij
316 4250 411 4332 magis
422 4249 517 4312 ardua
529 4249 662 4333 negotia,
678 4247 872 4331 personaliter
886 4249 1048 4314 secuturus.

319 4395 339 4435 Τ
1125 4397 1140 4450 9
