3656 5648
547 533 606 630 90
736 495 971 634 Testimoniu
994 509 1034 598 in
1065 501 1208 600 Gallia
1219 505 1399 633 scripto.

586 770 670 836 Exiit
681 794 753 857 ergo
764 773 900 837 edidlum
916 791 949 837 ut
961 772 1079 856 postera
1092 773 1152 852 die,
1166 773 1280 836 scilicet
1292 773 1320 834 in
1333 772 1437 854 vigilia
1450 769 1483 834 N
1485 771 1574 834 arivi-

545 861 614 924 tatis
636 861 722 926 beate
738 862 852 942 Mane,
876 860 1005 927 universi
1020 862 1049 927 &
1063 859 1168 946 stnguli
1185 863 1222 924 de
1238 861 1314 923 urbe
1327 861 1455 938 exirent,
1469 859 1510 938 dt,
1524 860 1575 922 sua
1587 857 1741 920 &penny

544 946 644 1012 secum
669 968 835 1032 portantes,
861 952 890 1014 in
907 973 998 1015 arena
1019 950 1151 1013 lluminis
1167 949 1216 1012 sua
1231 952 1362 1012 tentoria
1375 948 1573 1012 collocarent.

544 1034 621 1123 Quo
636 1040 750 1119 audito,
776 1040 892 1104 clamor
909 1040 945 1102 ad
966 1039 1067 1101 celum
1082 1037 1239 1114 attollitur,
1260 1036 1289 1101 &
1304 1038 1342 1100 ab
1357 1053 1488 1121 utroque
1503 1037 1572 1101 sexu

544 1128 695 1192 inauditus
708 1128 818 1208 ludius,
832 1129 965 1193 ululatus
980 1127 1151 1212 &gemitus
1166 1129 1321 1191 civitatem
1336 1148 1491 1210 occupans
1507 1147 1574 1209 per·

544 1234 676 1302 vagatur,
700 1219 830 1284 Videres
850 1220 982 1284 clericos
1003 1217 1157 1282 &fideles
1180 1239 1251 1282 cum
1273 1217 1413 1302 lacrymis
1434 1215 1574 1282 ecclesias

544 1308 754 1386 subintrantes,
777 1330 842 1372 aras
864 1308 1099 1372 consecratas&
1120 1307 1299 1371 Sandlorum
1322 1309 1469 1392 imagines
1490 1329 1574 1370 ever·

543 1413 651 1474 tentes,
677 1419 715 1460 ne
731 1397 886 1462 Sarraceni
909 1400 952 1461 eis
968 1397 1138 1475 illuderent,
1163 1397 1210 1459 vel
1226 1396 1408 1461 sanetorum
1424 1396 1493 1461 loca
1507 1397 1573 1480 pol-

543 1484 672 1563 luerent,
687 1484 735 1546 vel
751 1484 940 1548 christicolas
959 1483 1148 1566 aliquatenus
1164 1485 1350 1548 invaderent.
1373 1485 1422 1549 Sic
1437 1487 1528 1568 igitur
1543 1485 1572 1546 in

543 1573 646 1656 vigilia
668 1574 754 1637 beate
771 1574 875 1638 Marie
890 1573 1027 1656 Virginis
1049 1575 1224 1638 decivitate
1246 1597 1316 1638 cum
1331 1575 1416 1638 ludbu
1431 1573 1461 1638 dt
1477 1573 1574 1657 lacry-

543 1664 600 1725 mis
615 1665 765 1740 exierunt,
785 1663 814 1726 dt
830 1663 916 1747 super
932 1665 1028 1748 ripam
1042 1664 1176 1728 fluminis
1192 1664 1242 1727 sua
1255 1666 1384 1728 tentoria
1400 1665 1575 1746 posuerunt,

417 1775 419 1778 ·
543 1769 576 1813 ut
590 1753 700 1815 merito
713 1753 815 1816 dicere
826 1750 944 1835 pollent
954 1775 1024 1816 cum
1038 1755 1203 1836 propheta:
1221 1780 1233 1810 ι
1248 1753 1336 1838 Super
1340 1754 1468 1838 flumina
1480 1753 1575 1828 Babr-

541 1841 608 1902 lonir
634 1841 690 1902 illic
707 1843 843 1930 sedimus,
867 1843 901 1904 &⁹
912 1843 1049 1926 flevimus
1069 1866 1130 1906 cum
1155 1843 1373 1924 recordaremur
1393 1841 1486 1904 Sion»
1513 1841 1574 1931 (Ps.

543 1948 676 2006 cxxxvt,
686 1931 722 2008 ι).
735 1929 878 2012 Cumque
890 1930 930 1992 ibi
943 1930 981 1992 de
989 1931 1165 2013 captivitate
1174 1930 1297 1993 adducti
1309 1929 1403 1994 effent
1412 1931 1575 2007 innumeri,

543 2016 701 2100 tantusque
717 2015 949 2080 christianorum
964 2039 1108 2082 numerus
1123 2016 1307 2097 excrevillet,
1321 2018 1404 2102 quod
1417 2021 1453 2081 ad
1466 2039 1574 2084 eorum

542 2105 733 2168 evedlionem
745 2127 837 2172 naves
853 2127 914 2168 non
927 2107 1104 2186 sufficerent,
1121 2127 1223 2190 regem
1237 2106 1402 2192 Rabylonis
1416 2105 1573 2170 humiliter

544 2193 708 2276 petierunt,
734 2210 767 2258 ut
790 2215 938 2276 pauperes
959 2192 1148 2272 christianos,
1173 2195 1245 2258 dato
1269 2195 1436 2274 condudm,
1460 2195 1573 2258 ducere

544 2281 656 2346 faceret
678 2285 708 2344 in
728 2282 920 2347 Palestinam:
946 2285 997 2366 qui
1022 2284 1220 2366 petitionibus
1241 2305 1348 2346 eorum
1370 2284 1500 2347 libenter
1522 2306 1574 2347 an-

543 2391 649 2449 nuens,
674 2371 745 2435 dato
771 2372 863 2434 etiam
886 2371 949 2435 filio
972 2373 1023 2434 suo
1048 2371 1161 2450 obfide,
1185 2375 1247 2436 lere
1269 2373 1320 2436 lxx
1345 2372 1441 2436 millia
1465 2394 1574 2436 eorum

544 2459 635 2542 usque
651 2459 873 2524 Ptolemaidem
896 2483 948 2544 per
970 2461 1086 2524 deserta
1107 2462 1239 2526 conduci
1261 2462 1348 2525 fecit:
1374 2461 1498 2546 aliisque
1521 2465 1572 2546 qui

544 2570 597 2630 per
613 2570 695 2610 mare
712 2548 760 2610 vel
784 2571 837 2631 per
852 2548 1001 2612 desertum
1027 2571 1074 2614 res
1089 2551 1154 2613 suas
1168 2549 1205 2612 ad
1222 2548 1340 2631 presens
1354 2571 1418 2612 non
1433 2565 1575 2632 poterant

546 2653 713 2718 reportare,
734 2639 771 2699 ad
787 2637 852 2700 illas
868 2638 1019 2700 vehendas
1040 2641 1129 2702 unius
1143 2639 1213 2700 anni
1230 2637 1357 2720 spatium
1374 2638 1575 2722 perdonavit3

542 2725 619 2786 &stc
632 2726 661 2787 in
674 2727 722 2787 die
735 2726 915 2790 Nativitatis
927 2727 1013 2789 beate
1026 2726 1129 2792 Marie
1139 2727 1266 2811 virginis
1277 2727 1431 2791 Sarraceni
1445 2726 1574 2790 Damie·
1588 2743 1709 2806 Septemb.
1723 2748 1738 2792 a

545 2830 606 2876 tam
622 2814 777 2892 intrantes,
801 2814 883 2876 diem
906 2815 990 2877 illum
1010 2817 1187 2896 &noeent
1211 2816 1339 2880 accenso
1352 2817 1423 2898 igne
1437 2814 1467 2879 dt
1482 2814 1574 2876 lumi·

544 2901 677 2979 naribus,
692 2902 859 2967 &infinitis
874 2904 999 2966 muricis
1014 2904 1230 2984 resonantibus,
1245 2927 1316 2968 curn
1332 2905 1468 2968 inaudita
1480 2904 1575 2966 letitia

544 2989 665 3072 vigilem
684 2991 891 3067 deduxerunt,
913 2991 1064 3054 christiani
1080 3014 1162 3070 vero,
1183 2995 1370 3057 econtrario
1393 2989 1576 3055 dolentes&

545 3076 663 3156 llentes,
678 3077 729 3141 sub
744 3079 861 3142 silentio
878 3102 981 3160 naves,
1000 3082 1066 3163 post
1081 3083 1204 3145 tertium
1220 3082 1312 3161 diem,
1327 3079 1575 3158 ascendenmt&

546 3167 586 3228 ita
599 3188 617 3228 a
637 3165 782 3230 Damieta
797 3169 983 3248 recedentes,
998 3171 1028 3232 in
1044 3171 1159 3254 Syriam
1174 3188 1386 3254 pervenerunt

757 3397 814 3472 68.
854 3417 1068 3473 anonvmus
1093 3418 1361 3490 tnuouususrs,

881 3616 1050 3684 chronicon
1075 3628 1229 3694 (-1229).

807 3799 914 3863 [Rerueil
926 3801 968 3852 des
980 3799 1033 3866 hist.
1052 3799 1121 3853 dela
1135 3801 1184 3865 Fr,
1201 3801 1308 3866 xum]

1048 3924 1066 3966 ἢ*
1154 3962 1157 3969 .

470 4139 527 4184 1214
586 4111 656 4173 Hoc
682 4126 820 4193 tempore
844 4109 984 4195 magister
1012 4111 1166 4174 Robertus
1190 4113 1228 4173 de
1254 4112 1393 4190 Corzon,
1421 4111 1574 4198 presbyter
1588 4140 1610 4186 ι».
1620 4128 1665 4184 718

543 4199 705 4262 cardinalis
720 4198 982 4282 satuti-stephani
998 4200 1028 4262 in
1043 4215 1149 4262 monte
1164 4199 1264 4278 Celio,
1279 4199 1380 4264 millus
1395 4199 1437 4263 est
1455 4224 1472 4264 a
1493 4199 1574 4284 Papa

543 4285 726 4350 Innocentio
747 4308 800 4369 pro
816 4284 942 4350 subsidio
957 4288 1057 4351 Terre
1072 4287 1181 4352 Sancte
1196 4287 1354 4370 predicare
1372 4309 1427 4372 per
1447 4309 1573 4376 regnum
