3726 5628
559 485 640 608 156
692 483 928 614 Testimonio
951 485 993 573 in
1019 482 1437 608 Germanioscripta.

475 763 533 810 1218
571 749 621 810 uia
634 748 665 810 in
681 746 743 829 ipso
764 745 890 813 flumine
903 745 1134 809 construxerant
1156 745 1309 808 Sarraceni
1329 760 1444 809 turrem
1470 741 1578 806 firmis-

549 771 663 915 simam,
682 854 840 918 perquam
855 834 1059 896 extendebant
1081 831 1157 896 ultra
1178 832 1293 895 llumen
1311 833 1474 896 cathenam
1501 833 1577 894 mire

549 923 776 1007 magnitudinis,
798 939 832 984 ut
854 942 946 984 naves
967 943 1030 984 non
1057 919 1174 1004 pollent
1194 922 1343 1005 attingere
1367 935 1502 1003 portum,
1522 917 1577 983 nist

549 1011 682 1075 relaxata
695 1012 831 1074 cathena.
854 1009 990 1074 Primum
1013 1011 1114 1093 itaque
1131 1010 1282 1073 christiani
1307 1011 1468 1072 cathenam
1492 1008 1578 1072 illam

549 1100 696 1163 invadunt
710 1100 739 1162 δι
753 1099 878 1161 confilio
894 1097 1045 1162 artificum
1060 1099 1090 1162 δι
1104 1097 1219 1161 auxilio
1234 1097 1362 1160 viriliter
1377 1099 1577 1180 pugnantium

548 1210 616 1251 eam
640 1188 845 1271 confringunt.
872 1185 1069 1250 Postmodum
1085 1187 1207 1270 navigio
1229 1186 1347 1249 advehi
1376 1184 1462 1268 super
1486 1207 1577 1250 naves

549 1277 701 1362 quandam
716 1293 829 1338 turrem
840 1275 972 1358 ligneam
986 1276 1165 1338 construunt
1179 1295 1288 1358 magne
1303 1273 1481 1354 altitudinis,
1492 1289 1525 1338 ut
1540 1296 1578 1338 ex

549 1387 585 1428 ea
598 1381 711 1429 turrem
726 1365 963 1429 Sarracenorum
979 1381 1162 1450 expugnent.
1177 1364 1237 1427 His
1253 1365 1427 1446 preparatis,
1441 1364 1496 1426 viri
1517 1365 1578 1427 sor·

549 1455 648 1518 tillimi
663 1453 692 1517 δι
707 1455 743 1516 ad
760 1452 839 1516 bella
852 1451 1040 1516 strenuilhmi
1056 1455 1206 1516 tradentes
1220 1453 1336 1515 mimas
1354 1451 1418 1514 suas
1441 1453 1472 1515 in
1496 1472 1578 1514 mor-

550 1561 612 1607 tem
627 1563 681 1625 pro
696 1562 799 1604 amore
814 1540 962 1621 crucifixi,
977 1543 1122 1605 facientes
1144 1541 1360 1604 confeffionem
1383 1540 1421 1603 de
1442 1543 1576 1625 peccatis

550 1631 607 1693 suis
622 1629 651 1692 δι
666 1629 894 1692 communicato
916 1628 1103 1691 sacramento
1127 1629 1265 1712 corporis
1289 1627 1319 1692 ἃ
1337 1627 1486 1712 sanguinis
1510 1626 1579 1691 Do-

551 1719 624 1780 mini
640 1715 804 1778 ascendunt
818 1717 848 1777 in
870 1733 984 1779 turrem
1000 1715 1082 1779 illam
1098 1717 1239 1800 ligneam,
1254 1716 1401 1800 turrisque
1419 1717 1579 1779 advehitur

496 1883 498 1886 Ι
551 1808 586 1870 ad
617 1821 732 1868 turrem
758 1804 1003 1867 Sarracenorum.
1032 1804 1176 1888 Cumque
1209 1805 1280 1867 hinc
1316 1807 1386 1867 inde
1417 1820 1579 1888 pugnatur,

550 1893 663 1957 cedunt
677 1913 768 1956 naves
783 1892 917 1957 &turris
932 1895 1048 1957 corruit
1062 1894 1154 1976 &qui
1169 1895 1200 1956 in
1216 1914 1252 1956 ea
1262 1909 1348 1956 erant
1358 1892 1498 1956 submersi
1512 1892 1579 1955 sunt

552 1985 581 2045 in
596 1981 732 2060 flumine,
752 1983 831 2044 inter
846 2002 924 2065 quos
945 1999 1030 2044 erant
1050 1981 1163 2046 nobilis
1185 1984 1230 2044 vir
1256 1982 1421 2045 Heinricus
1442 1981 1480 2044 de
1505 1980 1579 2044 Bus-

551 2066 755 2131 mannehusen
770 2069 799 2132 &
814 2068 856 2133 Ν.
872 2069 909 2130 de
925 2068 1074 2132 Hostcten
1089 2069 1119 2132 δι
1132 2068 1181 2153 alij
1198 2090 1291 2153 quam
1306 2068 1408 2151 plures
1430 2067 1578 2132 eterna&

512 2226 517 2236 ¹
552 2158 640 2218 beata
658 2157 807 2219 memoria
821 2157 913 2241 digni.
936 2157 1006 2219 Hoc
1021 2173 1132 2220 eventu
1147 2157 1313 2221 contristati
1328 2156 1395 2219 sunt
1415 2156 1577 2221 christiani.

552 2245 698 2307 Attamen
714 2266 786 2306 cum
808 2244 935 2308 cottidie
950 2267 987 2306 ex
1008 2245 1241 2309 adventantibus
1261 2244 1408 2309 cresceret
1428 2245 1578 2308 exercitus

552 2330 695 2394 &robur
721 2351 837 2411 eorum,
858 2355 921 2395 non
953 2331 1186 2416 desperaverunt
1217 2336 1255 2396 de
1280 2333 1485 2396 misericordia
1505 2330 1578 2411 Dei,

552 2419 733 2502 quinimmo
745 2435 861 2483 turrem
875 2420 966 2483 aliam
980 2420 1214 2484 construxerunt
1228 2421 1258 2484 δι
1272 2441 1364 2484 naves
1372 2420 1479 2484 fortius
1490 2441 1579 2485 com·

554 2508 816 2591 paginaverunt&
840 2510 924 2571 omni
954 2509 1072 2572 cautela
1091 2508 1120 2572 δι
1140 2509 1238 2572 studio
1261 2507 1467 2588 firmaverunt,
1486 2529 1578 2590 quam

553 2594 741 2678 appellentes
755 2598 865 2658 eodem
880 2595 984 2675 modo,
999 2594 1074 2660 ficut
1095 2597 1125 2660 δι
1148 2598 1242 2680 prius,
1256 2613 1372 2660 turrem
1397 2595 1579 2659 Sarraceno-

555 2703 623 2746 rum
637 2683 764 2745 viriliter
779 2685 1074 2766 expugnaverunt&
1089 2702 1179 2768 portu
1192 2701 1299 2768 optato
1314 2684 1381 2747 sunt
1395 2685 1485 2768 potiti
1500 2683 1578 2746 &ad

555 2787 647 2834 terras
662 2770 883 2852 applicuerunt.
900 2772 963 2834 Ubi
979 2774 1080 2855 primo
1102 2793 1174 2835 cum
1200 2773 1372 2836 Sarracenis
1392 2777 1484 2836 duros
1504 2793 1580 2834 con—

554 2857 654 2922 flislus
665 2858 836 2921 habuerunt
847 2887 856 2936 ς
867 2877 1097 2944 pugnatumque
1112 2861 1154 2924 est
1169 2863 1199 2924 in
1223 2877 1301 2924 terta
1315 2860 1344 2923 δι
1359 2861 1391 2923 in
1413 2861 1488 2923 mari
1505 2860 1578 2924 &in

460 2967 466 2980 ·
554 2945 688 3008 flumine.
704 2947 847 3010 Referam
863 2969 968 3028 unum,
983 2949 1065 3031 quod
1088 2949 1145 3032 legi
1167 2951 1198 3011 in
1219 2950 1335 3032 scriptis
1355 2948 1512 3012 cuiusdam
1530 2969 1579 3014 eas

555 3054 670 3116 pugnas
686 3033 832 3116 prolixius
846 3036 1049 3100 describentis.
1065 3037 1140 3100 Erat
1151 3039 1236 3101 navis
1251 3058 1311 3100 una
1318 3039 1349 3101 in
1360 3039 1426 3120 ripa
1436 3037 1580 3115 fluminis,

554 3125 585 3186 in
596 3143 658 3204 qua
671 3139 756 3184 erant
770 3123 922 3186 christiani
930 3152 939 3201 ;
953 3123 1020 3204 hec,
1034 3125 1135 3189 nescio
1152 3148 1213 3209 qua
1234 3124 1403 3204 occasrone,
1418 3127 1534 3208 impetu
1550 3125 1580 3187 δι

555 3209 703 3274 violentas
714 3210 847 3275 fluminis
858 3213 982 3295 appulsa
992 3214 1034 3275 est
1045 3213 1129 3277 iuxta
1137 3233 1239 3277 muros
1251 3215 1391 3278 civitatis.
1405 3213 1502 3277 Tunc
1512 3214 1580 3277 Sar·

555 3299 656 3362 raceni
671 3300 906 3382 erumpentes&
921 3302 959 3364 de
970 3303 1065 3366 muris
1080 3303 1107 3365 se
1118 3304 1313 3366 demittentes
1323 3323 1398 3372 ¹cum
1411 3299 1579 3367 christianis

555 3390 585 3450 in
601 3389 668 3450 navi
686 3408 818 3472 pugnare
833 3408 988 3472 ceperunt.
1004 3391 1122 3454 Videns
1137 3407 1239 3455 autem
1253 3391 1377 3475 quidam
1392 3393 1431 3452 de
1445 3391 1580 3454 christia·

555 3478 612 3556 nis,
626 3476 709 3560 quod
724 3498 787 3540 non
802 3475 919 3561 pollent
934 3478 1073 3558 resistere,
1087 3481 1123 3542 ad
1143 3479 1272 3542 fundum
1285 3481 1370 3542 navis
1382 3478 1410 3542 se
1425 3479 1535 3542 dimisit
1550 3477 1580 3542 δι

555 3565 688 3628 eundem
703 3565 831 3629 fundum
847 3567 1013 3650 perforavit
1027 3567 1219 3652 &perfregin
1234 3585 1267 3630 ut
1282 3588 1361 3652 aqua
1381 3567 1517 3650 undique
1532 3568 1580 3629 in-

555 3654 738 3737 grederetur,
753 3654 929 3738 repletaque
951 3657 1020 3717 navi
1039 3657 1124 3738 aquis
1148 3677 1220 3718 curn
1242 3655 1411 3719 Sarracenis
1433 3655 1462 3719 δι
1487 3655 1579 3717 chris-

557 3743 644 3804 tianis
665 3742 761 3805 mersa
783 3743 881 3806 estad
901 3744 1029 3806 fundum
1050 3743 1184 3807 fluminis
1208 3745 1259 3806 ubi
1283 3743 1496 3828 quamplures
1517 3759 1580 3806 tam

557 3830 711 3893 Sarraceni
725 3851 817 3915 quam
831 3830 985 3895 christiani
1001 3830 1142 3895 submersi
1164 3831 1239 3895 sunt.

485 3957 543 4008 ω,
600 3937 683 4003 1219.
705 3916 775 3981 Poll
798 3919 908 3982 multas
931 3922 1063 4005 denique
1085 3941 1200 4004 pugnas
1214 3918 1326 3984 obsessa
1341 3919 1383 3984 est
1396 3922 1502 3985 civitas
1518 3937 1579 3985 tam
1594 3947 1615 3993 p.
1628 3931 1670 3993 381

558 4009 588 4072 in
605 4023 686 4071 terra
707 4028 799 4092 quam
816 4012 847 4070 in
862 4009 988 4071 flumine
1002 4031 1094 4092 quam
1115 4012 1145 4072 in
1160 4011 1246 4088 mari,
1260 4026 1294 4072 ut
1307 4009 1409 4072 nullus
1433 4010 1520 4094 poffit
1534 4012 1581 4075 in·

557 4099 642 4184 gredi
657 4097 705 4159 vel
720 4099 811 4160 exire.
831 4095 879 4160 Illi
895 4119 1029 4182 quoque,
1043 4100 1095 4182 qui
1112 4100 1141 4162 in
1157 4115 1237 4162 terta
1251 4113 1344 4175 erant,
1359 4098 1439 4161 vallo
1453 4098 1581 4162 firmilli-

559 4209 611 4250 mo
624 4187 655 4251 dv
674 4185 783 4248 meniis
797 4183 872 4250 sicut
893 4202 1033 4272 poterant
1057 4187 1085 4250 se
1108 4189 1277 4268 cinxerunt,
1294 4208 1334 4250 ne
1355 4187 1504 4252 soldanus
1529 4205 1581 4252 aut
