3656 5648
574 499 628 590 82
750 501 989 632 ‘Testimoniu
1010 502 1049 592 in
1077 498 1218 593 Gallia
1229 502 1408 625 scripta.

572 761 684 826 nobilis
706 762 872 845 plurimum
887 765 916 830 &
931 766 1064 846 antiqua.
1079 763 1155 827 Sane
1170 761 1321 828 lohannes
1338 786 1390 828 rex
1405 765 1611 849 Hierusalem}

572 851 620 911 vir
634 865 743 933 potens
758 852 787 917 δι
801 853 946 932 strenuus,
965 875 1000 916 ac
1015 851 1113 916 fidelis
1128 854 1189 916 dux
1204 853 1336 932 Austrie,
1351 853 1387 916 ad
1402 856 1481 917 hanc
1495 851 1595 939 singu-

502 946 557 993 Μιῐ.
573 937 674 1002 lariter
687 943 923 1025 oppugnandam
938 963 1008 1005 cum
1020 941 1121 1004 valido
1136 943 1269 1004 exercitu
1286 941 1386 1005 mense
1401 943 1482 1005 maio
1496 943 1596 1007 acces-

572 1026 677 1107 serant,
688 1032 797 1094 ceteris
806 1053 990 1116 paganorum
1004 1031 1127 1093 urbibus
1136 1030 1338 1111 pretermillis.
1347 1029 1501 1094 Dicebant
1512 1033 1610 1096 enim·

572 1139 678 1180 omnes
699 1138 736 1180 ex
751 1117 906 1200 sententia,
931 1120 1024 1204 quod,
1045 1115 1162 1182 srdibta
1175 1119 1281 1182 civitas
1296 1119 1363 1203 capi
1380 1109 1485 1202 pollet,
1499 1120 1595 1186 facilis

571 1206 649 1267 soret
671 1208 763 1271 totius
784 1207 884 1271 Terre
903 1207 1011 1271 Sarrble
1027 1205 1169 1270 subiecto.
1192 1206 1264 1270 Deo
1280 1222 1382 1269 autern
1398 1209 1526 1288 favente,
1547 1231 1595 1274 res

570 1316 609 1357 eo
624 1292 716 1378 usque
732 1296 903 1375 devenerat,
921 1297 1004 1381 quod
1020 1295 1121 1373 nostri,
1136 1294 1208 1358 licet
1221 1316 1293 1357 curn
1306 1295 1403 1359 nimio
1420 1295 1523 1361 labore
1537 1319 1595 1362 nec

570 1379 631 1446 srne
645 1383 740 1466 strage
756 1385 934 1465 multorum,
952 1401 1064 1448 turrem
1080 1385 1139 1446 iarn
1154 1400 1299 1466 ceperant
1312 1385 1343 1446 in
1358 1385 1445 1448 alveo
1459 1385 1596 1452 lluminis

569 1473 663 1552 fitam,
689 1475 821 1538 ereetum
846 1473 1043 1558 singulariter,
1066 1474 1096 1537 br
1119 1474 1156 1537 ad
1183 1472 1223 1536 sui
1247 1474 1408 1556 presrdium
1427 1474 1595 1558 quibusque

568 1561 738 1627 necessariis
750 1561 931 1626 sufficienter
941 1566 1100 1626 munitam.
1115 1561 1220 1640 Porro,
1235 1563 1307 1645 quia
1321 1561 1408 1625 multi
1423 1562 1460 1625 de
1476 1562 1593 1645 populo

570 1650 750 1734 placuerunt
765 1651 917 1730 Domino,
931 1647 1072 1733 premisso
1092 1651 1232 1714 triduano
1254 1651 1378 1730 ieiunio,
1399 1652 1481 1735 quod
1494 1651 1592 1716 clerus

451 1795 454 1802 r
569 1739 599 1801 in
617 1761 693 1822 pane
709 1740 739 1803 br
753 1761 831 1824 aqua
844 1740 978 1819 servavit,
992 1740 1022 1803 br
1037 1739 1140 1804 multis
1155 1739 1393 1824 proceffionibus
1408 1740 1504 1822 saeris,
1526 1759 1593 1806 ten·

568 1843 622 1890 lal'l
638 1846 823 1893 meruerunt.

451 1907 511 1951 Nov.
524 1920 553 1967 ²9
603 1919 670 1971 Nam
684 1919 708 1972 in
720 1919 804 1990 vigilia
818 1920 891 1973 sansii
912 1920 1016 1973 Andree
1026 1919 1140 1989 aposloli,
1157 1918 1310 1972 intumerunt
1329 1919 1418 1972 fluctus
1432 1921 1515 1987 maria,
1527 1923 1592 1975 cres-
1604 1910 1802 1974 otimrnfina,

568 2011 651 2052 center
661 2001 686 2052 n
698 2001 812 2053 excursus
824 1998 942 2052 facientes
956 2000 1073 2070 usquead
1088 1999 1166 2052 castra
1177 1999 1300 2066 fidelium
1313 2000 1346 2052 ab
1360 1999 1409 2052 tlia
1419 2013 1488 2069 parte
1497 2002 1591 2056 fluvius
1618 1999 1640 2029 ς’
1654 1995 1691 2040 ¹¹’
1702 1999 1723 2044 1
1735 1996 1784 2042 ¹⁴⁶7

567 2075 700 2142 inundant,
714 2079 768 2132 illos
781 2079 914 2149 occupavit
925 2079 1052 2147 incautos,
1066 2080 1132 2132 unde
1142 2079 1243 2132 navium
1251 2080 1275 2131 br
1284 2078 1426 2131 victualium
1437 2080 1531 2135 damna
1540 2101 1591 2136 non

567 2158 668 2211 modica
679 2161 837 2229 pertulemnt.
847 2159 955 2214 Duravit
968 2170 1052 2212 autern
1065 2159 1111 2212 lrec
1123 2160 1255 2229 tempestas
1264 2159 1424 2228 pertriduum
1432 2163 1590 2218 continuum.

566 2238 657 2292 Invasit
667 2251 778 2308 preterea
787 2241 860 2293 dolor
870 2239 1010 2312 repentinus
1021 2240 1188 2310 quorumdam
1198 2239 1274 2308 pedes
1286 2240 1310 2291 δι
1319 2256 1399 2306 crura,
1408 2241 1591 2296 &coniunfflnr

566 2333 626 2370 caro
634 2332 751 2390 corrupta
765 2320 881 2390 gingivas
894 2323 919 2374 δι
931 2322 1018 2374 denter
1032 2319 1147 2384 obduxit,
1162 2317 1306 2371 mallicandi
1314 2320 1452 2389 potentiam
1464 2320 1591 2390 auferent,

567 2397 639 2450 tibiae
645 2398 769 2452 horribilia
775 2400 1066 2471 nigredofuscavit2&fic
1073 2399 1151 2469 longo
1158 2400 1239 2452 traciu
1246 2398 1339 2451 doloris
1347 2398 1504 2467 albissimum
1512 2403 1592 2456 multa

495 2483 553 2530 ¹2¹9
566 2478 686 2546 patientia
698 2481 869 2550 migraverunt
882 2482 915 2534 ad
929 2481 1078 2534 Dominum.
1095 2479 1198 2532 Plurimi
1211 2477 1342 2546 siquidem,
1355 2480 1432 2550 usque
1445 2481 1477 2533 ad
1492 2493 1592 2552 ternpus

566 2560 665 2612 vernale
681 2560 809 2626 durantes,
829 2561 951 2614 beneficio
970 2560 1059 2615 caloris
1072 2561 1203 2614 evaserunt
1224 2558 1289 2612 illesi.
1307 2560 1379 2624 Sane,
1397 2559 1497 2614 insello
1510 2563 1592 2616 sarrsle

463 2623 526 2668 Febr.
539 2635 551 2684 5
566 2633 672 2708 Agathe
685 2639 797 2710 virginis,
811 2642 887 2694 Pater
899 2640 1119 2694 misericordiarum
1132 2640 1156 2691 δι
1171 2641 1241 2692 Deua
1254 2637 1331 2692 totius
1345 2639 1522 2694 consolationis
1534 2643 1591 2696 nos·
1604 2635 1679 2696 Ofl'u
1692 2653 1713 2698 Ρ·
1728 2639 1780 2697 14111

565 2715 609 2769 tris
622 2717 646 2770 in
662 2717 790 2771 obsidione
802 2720 886 2788 politis
899 2721 1013 2773 conferre
1033 2719 1152 2790 dignatur
1173 2717 1207 2770 esl
1221 2717 1350 2770 victoriam
1363 2717 1504 2788 gloriosam.
1523 2723 1590 2776 Cum

565 2796 630 2848 enim
643 2798 724 2866 parati
743 2797 822 2851 essent
842 2801 916 2853 nostri
937 2812 964 2853 ut
981 2799 1085 2852 lluvium
1104 2797 1234 2851 transirent
1252 2798 1326 2850 causa
1338 2799 1467 2854 oblidendi
1480 2801 1591 2873 undique

565 2875 703 2942 civitatem,
724 2878 845 2933 Soldanur
857 2881 881 2932 δι
894 2879 983 2948 sui'qui
996 2897 1053 2933 curn
1069 2879 1149 2932 multo
1163 2877 1272 2932 exercitu
1285 2878 1356 2947 supra
1370 2879 1508 2948 marginem
1521 2881 1590 2952 fluvij'

565 2955 669 3010 fixerant
681 2958 759 3011 castra
773 2959 824 3026 sua,
837 2958 922 3014 divino
933 2971 1028 3013 terrore
1041 2957 1172 3030 perterriti,
1192 2969 1250 3011 ante
1261 2957 1322 3011 lucia
1336 2975 1452 3012 auroram
1464 2959 1489 3014 in
1502 2959 1589 3032 sugam

564 3037 674 3090 converri
692 3038 756 3102 sunt,
774 3039 854 3090 casira
871 3039 914 3092 sua
932 3039 1114 3110 relinquentes,
1136 3038 1204 3108 quod
1221 3038 1325 3108 quidam
1337 3039 1459 3108 apostata,
1472 3041 1517 3110 qui
1530 3057 1590 3094 cunt

566 3114 675 3168 Soldano
691 3114 734 3168 rliu
751 3115 908 3182 militaverat,
932 3117 1018 3170 nollria
1036 3117 1174 3170 insinuavit.
1190 3119 1294 3170 Summo
1306 3115 1383 3187 igitur
1395 3117 1514 3185 diluculo,
1531 3136 1589 3172 curn

564 3191 709 3246 inchoatum
720 3195 778 3248 esset
791 3195 902 3249 officium
915 3195 963 3249 diei
978 3195 1030 3249 sessi
1043 3215 1085 3266 per
1098 3196 1207 3249 oratoria
1221 3195 1417 3262 christianum,
1430 3199 1590 3252 Gaudeamus

563 3291 641 3326 omnes
662 3273 688 3327 r'n
706 3275 815 3339 Domino,
838 3275 932 3346 gaudio
953 3277 1053 3346 plenum
1075 3294 1090 3328 a
1111 3275 1224 3338 Domino
1246 3275 1339 3348 salium
1360 3275 1508 3330 miraculum
1527 3277 1589 3350 regi,

564 3353 684 3424 legato&
697 3354 750 3430 aliis
767 3354 905 3409 nunciatur.
924 3357 1022 3426 Itaque,
1037 3339 1189 3426 fugientibus
1205 3345 1333 3426 Egyptila,
1349 3351 1423 3408 nollri
1434 3357 1548 3411 certatim
1563 3359 1587 3411 a
1601 3355 1675 3414 011'2
1686 3374 1707 3417 r·
1720 3370 1773 3416 14119

564 3427 679 3486 alacriter
696 3430 800 3487 tluviurn
821 3435 960 3501 transeunt,
979 3434 1078 3488 nemine
1093 3433 1228 3500 resistente3
1248 3435 1328 3487 castra
1341 3435 1493 3505 lirgientium
1512 3454 1588 3491 occu·

565 3524 633 3581 pant,
656 3513 733 3584 spolia
746 3531 832 3568 eonrm
845 3515 996 3586 diripientes.
1020 3515 1102 3569 Noble
1123 3513 1234 3584 sequenti
1254 3513 1325 3566 multi
1347 3515 1487 3582 bebatorer,
1510 3517 1588 3572 territi

564 3603 665 3663 propter
685 3591 839 3662 inopinatum
859 3595 999 3660 tranfitum,
1020 3593 1147 3664 fugierunt
1163 3593 1196 3647 de
1212 3592 1339 3661 Damieta,
1356 3595 1381 3646 n
1393 3595 1425 3648 fic
1437 3613 1480 3666 per
1494 3614 1586 3670 gyrum

563 3670 588 3723 in
600 3671 707 3725 crastino
719 3690 734 3724 rr
747 3673 834 3726 nostris
847 3673 950 3728 firmiter
962 3675 996 3727 ell
1008 3673 1110 3728 obsessa.
1618 3717 1621 3725 .

441 3746 507 3794 Mau.
522 3761 546 3808 3¹
599 3752 699 3806 Eodem
712 3768 787 3818 anno,
800 3753 824 3806 in
836 3753 876 3806 die
885 3755 1041 3822 Palmarurn,
1057 3751 1193 3819 Sarraceni,
1205 3751 1310 3806 collesio
1321 3753 1425 3808 terribili
1436 3756 1460 3808 δι
1472 3755 1588 3808 innume*
1601 3751 1706 3817 olima
1720 3767 1774 3814 ¹4¹⁰

563 3829 633 3883 rabili
642 3831 761 3897 exercitu,
774 3831 870 3886 irruunt
878 3835 950 3905 super
962 3835 1071 3900 nollr0r3
1084 3833 1212 3903 prelioque
1225 3831 1364 3899 commisso,
1376 3833 1519 3888 cecidemnt
1529 3835 1587 3888 binc
1599 3841 1621 3887 Ρ·
1633 3824 1680 3884 2⁸7

561 3908 619 3962 inde
633 3911 756 3964 mortui&
767 3913 889 3966 vulnerati
901 3913 990 3966 rnultir
1001 3914 1102 3967 tandem
1116 3911 1215 3982 fatigati
1228 3924 1383 3966 retraxerunt
1396 3915 1421 3967 se
1432 3913 1513 3969 hoster
1527 3933 1586 3970 cum

562 3989 672 4042 maximo
686 3990 789 4062 clamne.

596 4069 645 4122 Per
657 4068 723 4122 idem
736 4081 845 4142 tempus,
863 4070 950 4142 regina
968 4069 1096 4126 civitatum
1115 4073 1278 4144 Iemsolyma,
1297 4091 1347 4142 que
1360 4073 1492 4128 ridebatur
1514 4075 1585 4130 inex·
1598 4072 1671 4132 Oliva
1682 4089 1703 4136 r·
1717 4087 1770 4134 1419

562 4145 730 4215 pugnabiliter
742 4149 846 4214 munita,
859 4149 981 4204 destructa
992 4150 1027 4203 est
1041 4167 1056 4202 a
1069 4149 1197 4206 Coradino
1211 4149 1263 4205 silio
1277 4151 1398 4220 Seladini;
1410 4151 1505 4216 lotia&
1519 4152 1585 4206 intua

562 4226 625 4282 muri
638 4227 691 4280 eiut
704 4243 762 4280 rum
778 4229 887 4282 turribus
897 4229 991 4283 redacti
1004 4229 1057 4283 sunt
1070 4230 1096 4284 in
1105 4247 1222 4284 reervurn
1236 4230 1357 4300 lapidum,
1369 4243 1452 4302 preter
1464 4230 1584 4302 ternplum
