3716 5628
468 573 562 668 175.
597 542 842 638 monachus
864 544 1094 640 Patavinis.
1204 576 1291 674 249

266 807 401 892 undique
412 809 612 892 circumsepti,
626 811 723 874 coadii
737 811 802 872 sunt
818 833 873 892 pro
885 811 1097 894 redemptione
1107 813 1156 874 sua
1168 813 1292 876 reddere
1306 835 1363 869 1221

267 895 456 961 Damiatam:
482 898 651 981 dimissique
672 919 689 962 a
709 899 872 978 Saracenis,
893 902 930 962 ad
947 903 1069 983 propria
1089 923 1160 964 cum
1176 901 1294 964 tristitia

267 984 333 1048 sunt
347 986 465 1050 reversi.
487 985 584 1049 Porro
600 986 723 1072 Egyptij
740 988 822 1051 letati
838 988 904 1051 sunt
919 991 956 1051 de
972 989 1162 1072 profectione
1176 1010 1294 1068 eorum,

267 1077 350 1158 quod
366 1077 459 1138 timor
472 1096 580 1138 eorum
596 1077 773 1140 incubuerat
788 1076 874 1158 super
887 1097 949 1140 eos.

494 1359 570 1452 176.
597 1362 626 1432 S.
646 1361 940 1433 BottAvattruRA
966 1373 999 1442 (†
1017 1333 1112 1439 nus

582 1575 655 1640 Vita
665 1575 699 1664 s.
718 1575 879 1665 francisci,
897 1595 924 1642 c.
947 1569 997 1641 lX.

594 1775 671 1845 [Aera
683 1779 722 1829 sa.
737 1777 803 1844 aut,
817 1777 884 1844 on,
898 1788 916 1828 t.
930 1776 978 1846 n]

774 1957 793 2000 ss

177 2139 255 2198 r·7⁶7
308 2138 427 2202 Verum
444 2137 577 2200 caritatis
588 2137 695 2201 ardore
709 2137 845 2218 spiritum
867 2137 957 2219 ipsius
971 2139 1008 2202 ad
1030 2141 1210 2224 martyrium
1229 2161 1370 2223 per-1219

269 2241 405 2310 urgente,
429 2227 517 2289 tertia
536 2224 636 2288 adbuc
657 2225 725 2288 vice
751 2247 808 2308 pro
828 2225 889 2290 fide
903 2227 1067 2293 Trinitatis
1088 2227 1233 2292 effusione
1254 2229 1294 2290 sui

54 2311 109 2360 Tb·
121 2315 148 2358 de
160 2312 255 2373 ceum,
268 2315 418 2397 sanguinis
435 2313 598 2393 dilatanda,
618 2313 717 2376 versus
732 2312 870 2378 infideles
885 2315 1032 2398 proficisci
1049 2320 1185 2380 tentavit.
1205 2329 1297 2382 Tertio

79 2381 149 2445 sm
160 2401 182 2444 P·
192 2383 238 2442 ²4⁶
266 2406 369 2459 decimo
391 2421 503 2474 namque
521 2403 687 2457 conversionis
701 2404 741 2455 sue
760 2421 828 2456 anno
850 2405 881 2456 ad
896 2417 979 2474 partes
994 2407 1063 2478 Syrie
1075 2425 1191 2476 pergens,
1213 2407 1298 2460 multis

266 2487 290 2539 se
306 2486 421 2557 periculis
442 2486 584 2538 constanter
601 2484 724 2553 exposuit,
744 2495 771 2536 ut
788 2485 889 2538 Soldani
906 2486 1048 2557 Babylonie
1068 2486 1149 2556 posset
1162 2488 1231 2540 adire
1244 2506 1299 2557 pre-

267 2567 379 2619 sentiam.
406 2559 489 2626 Inter
517 2561 693 2625 christianos
719 2563 803 2624 enim
829 2584 864 2624 ac
889 2561 1054 2628 Saracenos
1081 2580 1155 2628 tunc
1183 2565 1297 2627 bellum

267 2668 330 2714 tam
345 2649 539 2734 implacabile
554 2665 618 2712 erat
632 2650 833 2728 exercituum,
852 2650 954 2714 castris
968 2652 1040 2714 binc
1054 2653 1126 2714 inde
1140 2654 1171 2715 in
1186 2673 1297 2735 campo

266 2741 408 2802 cominus
422 2761 460 2802 ex
471 2736 594 2802 adverso
607 2737 724 2816 locatis,
738 2754 771 2800 ut
785 2739 834 2801 via
848 2739 945 2800 mutui
961 2739 1098 2804 tranfitus
1113 2738 1174 2803 stne
1190 2743 1298 2804 mortis

266 2829 441 2891 discrimine
461 2849 524 2890 non
539 2842 663 2910 pateret
679 2824 804 2888 Exierat
821 2825 966 2910 siquidem
981 2849 999 2890 a
1013 2827 1146 2891 Soldano
1161 2829 1297 2892 edietum

266 2917 402 2995 crudele,
429 2933 473 2996 ut,
502 2916 690 2999 quicumque
714 2931 806 2998 caput
834 2915 962 2979 alicuius
992 2917 1146 2980 christiani
1170 2917 1299 2996 afferret,

267 3007 428 3069 bisantium
457 3025 583 3066 aureum
612 3023 667 3085 pro
696 3003 836 3066 mercede
869 3005 1025 3087 reciperet.
1060 3007 1103 3068 At
1131 3005 1298 3088 intrepidus

269 3094 381 3159 Christi
403 3093 491 3154 miles
513 3090 699 3169 Franciscus,
720 3091 838 3174 sperans
858 3095 890 3155 in
912 3094 1053 3175 proximo
1075 3095 1159 3156 suum
1175 3093 1297 3177 adipisci

268 3180 350 3265 posse
372 3179 570 3264 proposrtum,
584 3177 722 3243 desinivit
743 3182 799 3243 iter
819 3181 959 3264 arripere,
977 3182 1085 3245 mortis
1108 3203 1220 3264 pavore
1234 3205 1297 3245 non

269 3272 401 3350 territus,
427 3268 475 3332 sed
499 3265 645 3331 desiderio
671 3285 863 3349 provocatus.
890 3269 1043 3334 Oratione
1069 3292 1202 3354 namque
1226 3291 1296 3353 pre-

270 3359 364 3439 missa,
378 3359 568 3422 confortatus
583 3377 601 3418 a
622 3355 773 3436 Domino,
787 3357 975 3421 confidenter
994 3357 1068 3421 illud
1085 3359 1299 3441 propheticum

270 3446 470 3511 decantabat:
488 3443 596 3506 «Nam
612 3443 659 3525 etst
676 3446 862 3510 ambulavero
874 3447 904 3508 in
918 3447 1004 3508 medio
1018 3449 1116 3508 umbre
1128 3448 1232 3525 mortis,
1246 3469 1298 3508 non

271 3561 284 3596 ι
303 3537 398 3598 timebo
407 3535 495 3613 mala,
507 3534 636 3615 quoniam
647 3547 676 3595 tu
685 3556 788 3596 mecum
799 3535 847 3596 es!
853 3559 865 3590 a
883 3533 1001 3608 (Psalm.
1016 3553 1096 3614 xxrr,
1105 3544 1146 3616 4.)
1161 3546 1300 3616 Affumpto

271 3625 349 3695 igitur
361 3625 429 3678 socio
442 3624 526 3690 fratre,
554 3618 731 3684 illuminato
752 3623 888 3700 nomine,
911 3623 977 3684 viro
999 3621 1104 3704 utique
1126 3621 1301 3687 luminis&

271 3711 404 3790 virtutis,
424 3731 495 3774 cum
511 3711 567 3772 iter
580 3709 714 3792 cepisset,
728 3710 833 3773 obvias
847 3711 954 3772 babuit
968 3709 1104 3773 oviculas
1122 3710 1212 3788 duas3
1231 3713 1300 3794 qui·

272 3798 328 3863 bus
344 3796 422 3877 visis,
435 3798 618 3862 exhilaratus
633 3797 677 3858 vir
691 3795 809 3860 sandius
824 3797 899 3860 dixit
914 3799 951 3859 ad
973 3797 1103 3859 socium:
1127 3823 1139 3856 t
1158 3795 1302 3878 Confide,

274 3913 286 3946 ι
305 3888 405 3965 frater,
424 3889 454 3949 in
470 3885 623 3964 Domino,
644 3905 716 3947 nam
735 3886 765 3947 in
779 3886 869 3948 nobis
884 3884 1086 3968 Evangelium
1102 3885 1176 3949 illud
1193 3886 1301 3969 imple·

274 3999 286 4032 ‹
305 3991 368 4036 tur:
383 3973 463 4052 Ecce,
473 3997 520 4055 ego
530 3974 605 4035 mitto
618 3995 677 4051 vos,
684 3972 760 4058 ficut
773 3995 835 4035 ovet
847 3974 876 4034 in
890 3973 976 4036 medio
986 3973 1115 4056 luporum
1133 3997 1146 4030 s
1164 3973 1302 4052 (Maon,

61 4062 112 4110 Th·
124 4063 258 4121 tecelino,
272 4081 304 4141 x,
321 4063 378 4146 16).
392 4075 459 4127 Cum
476 4083 563 4125 autem
579 4070 746 4142 processissent
757 4072 871 4137 ulterius,
891 4085 1053 4126 occurrerunt
1066 4072 1087 4124 ei
1102 4073 1216 4126 satellites
1231 4077 1301 4126 Sara·

80 4133 239 4197 s“s⁷⁸P·²4⁶
272 4153 335 4219 ceni,
357 4152 409 4234 qui
432 4165 577 4232 tanquam
598 4147 662 4231 lupi
688 4148 816 4212 celerius
837 4165 1031 4213 accurrentes
1056 4149 1092 4211 ad
1116 4171 1199 4229 oves,
1220 4155 1301 4207 servos

272 4241 320 4295 Dei
343 4241 450 4294 feraliter
471 4241 673 4310 comprehensos,
696 4241 868 4294 crudeliter&
886 4240 1091 4293 contemtibiliter
1110 4243 1302 4316 permanant,

273 4320 408 4375 afficientes
422 4319 546 4386 convitiis,
557 4318 697 4390 effligentes
709 4321 864 4386 verberibus,
875 4322 899 4373 dt
914 4320 1017 4374 vinculis
1031 4320 1171 4389 alligantes.

395 4421 416 4460 τ
674 4452 676 4462 ,
1163 4424 1195 4476 3²
