3726 5628
579 544 661 637 150
716 514 952 642 Testimonio
978 517 1020 606 in
1045 515 1266 607 Germania
1278 515 1457 639 scripto.

497 801 556 848 1217
569 775 677 840 fratres
697 776 811 840 milicie
831 777 933 841 saneti
957 776 1073 858 lacobi,
1098 780 1150 862 qui
1165 779 1248 842 &de
1264 777 1381 844 Gladio
1396 777 1600 862 appellantur,

570 886 642 928 cum
655 865 721 929 aliis
732 866 887 930 nobilibus
902 869 940 929 de
954 888 1049 950 regno
1065 867 1248 952 Portugalie.
1264 867 1371 930 Statim
1387 867 1453 949 post
1467 867 1525 930 hec
1539 867 1598 930 im·

570 952 687 1036 pletum
712 951 755 1015 est
778 951 928 1035 fossatum,
952 955 982 1017 δι
1006 956 1103 1018 faetus
1129 956 1171 1017 est
1192 956 1328 1034 insultus,
1352 956 1382 1019 &
1403 955 1600 1018 instrumenta

569 1040 681 1104 bellica
700 1041 767 1104 sunt
787 1061 896 1106 contra
918 1065 1052 1124 murum,
1072 1045 1267 1108 &intersedii
1288 1044 1355 1107 sunt
1370 1061 1431 1107 tam
1446 1042 1598 1106 christiani

570 1151 662 1214 quam
676 1129 845 1211 Sarraceni,
866 1131 910 1195 isti
926 1133 1077 1215 lapidibus
1092 1132 1137 1195 illi
1151 1133 1272 1217 sagittis.
1296 1131 1402 1196 Postea
1415 1129 1600 1194 accesserunt

521 1233 523 1238 '
569 1217 693 1284 fossores
717 1219 770 1282 sub
785 1237 861 1284 terra
875 1222 1035 1300 fodientes,
1058 1239 1091 1284 ut
1105 1243 1228 1285 murum
1244 1223 1420 1297 deicerent;
1444 1237 1475 1284 at
1495 1220 1599 1283 Sarra-

568 1308 637 1370 ceni
661 1330 677 1370 e
698 1310 853 1372 contrario
878 1309 1028 1374 fodientes
1049 1311 1165 1374 nostros
1186 1312 1380 1393 impedierunt
1387 1337 1396 1386 ;
1417 1325 1518 1372 tamen
1538 1325 1600 1371 tarn

453 1420 513 1478 Aug,
525 1431 556 1478 24
569 1394 692 1458 illorum
711 1396 814 1459 labore
834 1414 896 1461 tarn
917 1419 954 1460 ex
970 1399 1096 1461 illorum
1109 1401 1193 1462 circa
1206 1397 1313 1462 festum
1329 1398 1420 1462 sandti
1436 1398 1601 1461 Bartholo-

569 1485 629 1547 mei
644 1485 757 1548 cecidit
772 1507 831 1548 una
842 1488 939 1566 turris,
953 1509 1010 1551 nec
1025 1505 1125 1551 tamen
1142 1490 1241 1572 patuit
1254 1487 1363 1566 aditus,
1378 1487 1504 1550 interior
1518 1488 1600 1549 enim

468 1592 530 1653 Sept.
541 1606 556 1653 9
570 1593 639 1653 pars
651 1574 774 1655 parietis
786 1573 899 1637 mansit.
916 1573 1057 1638 Proxima
1069 1577 1171 1660 itaque
1184 1577 1318 1660 sequenti
1334 1577 1405 1638 seria
1417 1573 1483 1657 post
1494 1574 1600 1637 festum

568 1661 735 1724 nativitatis
764 1661 861 1724 saniie
887 1663 989 1726 Marie
1019 1681 1127 1728 contra
1153 1663 1309 1727 cristianos
1333 1663 1509 1746 congregati
1534 1661 1601 1723 sunt

569 1763 702 1830 quatuor
713 1770 798 1832 reges
809 1749 1045 1814 sarracenorum
1061 1753 1090 1814 in
1103 1752 1300 1815 multitudine
1310 1753 1406 1834 gravi,
1420 1772 1472 1813 rex
1487 1749 1600 1814 scilicet

570 1835 685 1914 Sibilie,
709 1859 768 1920 que
783 1838 844 1900 alio
858 1841 984 1901 nomine
1010 1840 1143 1923 Hispalis
1163 1842 1283 1920 dicitur,
1308 1841 1338 1904 in
1364 1861 1425 1924 qua
1444 1839 1601 1923 quondam

571 1924 676 1987 beatus
688 1924 837 1988 Ysrdorus
849 1942 912 1987 etat
923 1927 1179 2010 archiepiscopus,
1193 1929 1223 1990 δι
1238 1950 1291 1991 rex
1306 1930 1344 1992 de
1356 1929 1504 1993 Corduba
1518 1924 1601 1989 unde

570 2010 716 2075 Lucanus
731 2012 842 2077 exstitit
856 2015 1012 2095 oriundus,
1026 2016 1100 2078 sicut
1114 2017 1178 2080 eius
1193 2016 1395 2100 epistaphium
1411 2016 1547 2080 testatur:

729 2145 863 2209 Corduba
876 2149 1034 2231 migrauit,
1051 2151 1150 2233 rapuit
1162 2149 1200 2212 N
1197 2173 1253 2230 ero,
1262 2149 1360 2234 prelia
1375 2149 1442 2228 dixi,

728 2235 795 2319 ,Qua
805 2236 915 2320 geffere
923 2253 1021 2322 paret,
1035 2238 1097 2301 hinc
1102 2235 1198 2324 sorar,
1210 2239 1273 2302 inde
1283 2261 1370 2322 gener
1376 2268 1389 2309 ,-

571 2367 684 2428 tercius
704 2387 758 2428 rex
780 2367 818 2428 de
832 2362 937 2445 lehen,
961 2383 1087 2450 quartus
1107 2370 1145 2429 de
1160 2367 1327 2432 Badalouz.
1342 2367 1393 2432 Isti
1408 2389 1493 2453 reges
1506 2367 1601 2432 fixere
1625 2398 1664 2446 ef,
1675 2397 1744 2462 Epist.
1757 2398 1820 2460 cpite

569 2455 702 2517 tentoria
723 2475 820 2536 prope
840 2455 1020 2519 christianos
1040 2456 1077 2517 ad
1095 2476 1186 2517 unam
1201 2457 1331 2536 leucam,
1351 2457 1491 2521 volentes
1505 2455 1600 2519 chris·
1615 2461 1693 2518 Late(
1761 2463 1827 2507 -Au-

570 2543 670 2604 tianos
688 2540 727 2604 de
748 2543 864 2625 prefato
886 2543 980 2605 castro
995 2543 1129 2625 effugare
1143 2544 1173 2607 dr
1188 2549 1358 2628 captivatos
1380 2544 1481 2608 secum
1502 2543 1599 2606 abdu-
1614 2523 1827 2648 ζζιῇζςέᾔῶζ

570 2650 649 2692 cete.
671 2629 729 2693 Sed
745 2631 941 2713 omnipotens
964 2631 1062 2710 Deus,
1085 2635 1137 2715 qui
1153 2632 1285 2715 superbis
1300 2633 1414 2715 resistit,
1433 2632 1601 2696 humilibus
1712 2619 1720 2645 ²

570 2719 645 2782 dans
665 2719 804 2801 gratiam,
825 2721 966 2803 dignatus
987 2720 1030 2782 est
1050 2722 1118 2785 suos
1132 2723 1306 2787 confortare
1330 2725 1427 2788 tribus
1448 2720 1601 2785 miraculis

455 2841 517 2902 sept.
530 2852 558 2886 ,ο
571 2806 755 2890 preostensis.
770 2805 837 2891 lpsa
851 2809 933 2871 enim
949 2810 997 2872 die
1012 2812 1048 2871 ad
1065 2810 1202 2894 vesperas
1216 2815 1357 2896 apparuit
1371 2812 1556 2896 triumphale
1570 2811 1601 2873 in

570 2900 640 2958 aire
654 2896 800 2958 vexillum
822 2897 921 2960 sandle
937 2899 1048 2963 Crucis
1070 2901 1099 2962 in
1115 2899 1232 2984 signum
1246 2903 1382 2966 victorie.
1409 2900 1479 2965 Post
1501 2901 1601 2963 nostis

571 2985 707 3047 medium
722 2987 806 3048 venit
827 2988 859 3049 in
879 2989 1064 3050 adiutorium
1086 2989 1326 3053 christianorum·
1335 2991 1441 3054 Petrus
1462 2989 1601 3072 magister

571 3073 685 3136 milicie
699 3074 839 3158 Templi,
863 3075 1025 3159 &inipso
1050 3078 1195 3141 conflictu
1220 3079 1281 3142 visa
1301 3080 1344 3142 est
1367 3078 1601 3142 candidatorum

571 3163 658 3226 turba
671 3163 779 3226 celitus
795 3162 886 3227 milla.
903 3163 1000 3228 Mane
1015 3181 1118 3228 autem
1132 3167 1223 3248 sudio,
1244 3170 1276 3230 in
1292 3168 1341 3232 die
1356 3167 1499 3232 videlicet
1517 3166 1602 3230 Proti

455 3278 516 3340 Sept.
530 3291 555 3325 u
570 3251 600 3314 δι
613 3249 751 3333 Incindli,
773 3256 804 3316 in
827 3256 960 3317 maxima
979 3254 1113 3318 elatione
1132 3254 1205 3320 dieti
1219 3277 1306 3341 reges
1327 3281 1344 3321 a
1359 3276 1445 3341 parte
1459 3256 1599 3320 orientali

532 3419 533 3430 χ
570 3345 606 3408 ad
623 3367 757 3430 pugnam
771 3346 838 3408 sunt
849 3347 991 3411 ordinati.
1006 3347 1051 3409 At
1061 3347 1226 3426 christiani,
1240 3348 1373 3410 minores
1388 3347 1446 3410 hiis
1460 3360 1618 3427 numero,·

570 3439 702 3501 maiores
716 3452 818 3499 autem
839 3436 959 3514 metito,
980 3435 1044 3500 suas
1062 3437 1142 3499 acies
1157 3436 1261 3499 debito
1276 3437 1383 3500 ordine
1397 3436 1570 3500 struxerunt
1584 3459 1601 3502 a

571 3542 654 3610 parte
673 3525 866 3588 occidentali.
893 3524 987 3587 Unde
1000 3523 1113 3588 resulstt
1131 3524 1175 3586 sol
1190 3526 1219 3587 in
1235 3525 1352 3609 clipeos
1366 3544 1484 3606 aureos,
1497 3526 1529 3590 dt
1541 3531 1601 3591 res-

570 3615 776 3701 plenduerunt
791 3631 911 3680 montes
925 3616 963 3677 ab
984 3616 1038 3694 eis,
1058 3615 1089 3678 dr
1103 3617 1252 3680 fortitudo
1265 3619 1405 3700 gentium
1419 3620 1512 3682 corde
1526 3637 1602 3680 con-

570 3706 632 3768 fusa
646 3703 697 3766 est.
713 3703 802 3792 Quid
818 3703 927 3786 plura?
943 3700 992 3766 llli
1007 3706 1038 3767 in
1049 3706 1175 3784 viribus,
1191 3704 1235 3767 isti
1253 3707 1283 3768 in
1298 3705 1359 3768 fide
1373 3705 1543 3770 confidunt.
1559 3707 1603 3768 At

571 3794 728 3860 Martinus
743 3794 978 3857 commendator
993 3793 1136 3874 Palmele,
1156 3815 1264 3878 parvus
1279 3817 1422 3878 corpore,
1435 3796 1528 3858 corde
1543 3794 1602 3874 leo,

571 3883 718 3947 vexillum

772 4028 779 4044 .
792 4027 799 4043 .
811 4027 817 4042 .
831 3983 951 4044 ,λῖκνα
965 3983 1085 4044 uibrans
1098 3982 1266 4066 clipeumque
1274 3981 1392 4068 stnistro
1616 4001 1637 4047 Ρ·
1649 3997 1697 4044 ²4²

573 4145 658 4208 lateri
684 4143 840 4226 adaptans,
867 4141 987 4225 galeato
1010 4143 1125 4204 vertice
1149 4163 1314 4226 parumper
1339 4141 1475 4222 demisso,
1499 4143 1602 4206 corni·

573 4233 682 4316 pedem
705 4250 795 4297 acuto
816 4232 935 4296 calcare
957 4251 1105 4316 pungens,
1129 4233 1245 4296 ruiture
1265 4233 1364 4316 gentis
1379 4233 1514 4296 medium
1530 4253 1602 4314 pro·

571 4323 653 4406 rupit
667 4325 698 4386 in
710 4342 837 4407 agmen3
851 4323 902 4384 cui
916 4343 978 4384 non
994 4321 1094 4383 minor
1109 4318 1172 4404 ipso
1184 4321 1319 4404 iungitur
1333 4323 1364 4384 in
1378 4341 1480 4404 pugna
1494 4320 1601 4385 Petrus
