3726 5628
562 525 650 590 200
701 498 946 629 ‘Testimonia
965 499 1006 591 in
1032 497 1253 593 Germania
1262 497 1442 626 scripta.

560 767 610 819 ond
621 768 721 820 Zancks
732 768 775 835 ab,
790 767 821 820 sse
831 785 914 820 waren
925 767 989 832 frah,
999 769 1055 820 dass
1068 767 1100 821 sse
1110 786 1156 822 nur
1168 769 1213 822 mit
1223 771 1280 823 dem
1291 773 1378 824 Leben
1391 772 1475 824 daron
1485 771 1585 835 umen,

560 847 616 900 dass
628 847 660 900 sse
672 848 712 900 die
726 849 860 901 Saracenas
872 848 922 900 also
934 867 993 918 weg
1004 849 1095 904 lieffen.

995 1067 1152 1194 Verfio.

564 1289 615 1352 De
636 1293 744 1374 quinto
766 1290 848 1353 bello
870 1292 961 1370 sacro,
986 1293 1068 1375 quod
1091 1293 1308 1358 aTeutonicis
1329 1243 1437 1357 coistra
1451 1294 1587 1362 infideles

824 1380 951 1465 AEgypti
968 1381 1133 1446 Saracenos
1148 1383 1264 1466 gestum
1279 1383 1329 1446 est.

602 1535 667 1598 Hoc
689 1551 805 1622 tempore
826 1539 952 1601 nonnulli
973 1539 1130 1625 ecclestasles
1144 1541 1314 1624 esssiterunt,
1328 1543 1376 1622 qui
1388 1566 1401 1603 e
1415 1542 1497 1622 libra,
1511 1568 1588 1628 quem
1601 1557 1623 1601 P·
1636 1551 1703 1600 375⁶

563 1619 752 1712 Apocalypstm
770 1626 800 1715 s.
817 1629 948 1692 Iohannis
962 1655 1102 1709 vocamus,
1116 1633 1355 1711 vaticinarentur,
1369 1647 1472 1716 tempus
1486 1633 1590 1717 adeffr,

565 1735 615 1792 quo
630 1713 766 1780 Saraceni
778 1741 839 1781 cum
857 1742 953 1782 errare
965 1721 1022 1810 suo
1032 1721 1167 1804 perirent.
1184 1721 1282 1802 Itaque
1294 1737 1379 1806 papa
1391 1723 1590 1806 predicatores

563 1799 592 1862 in
616 1806 801 1872 Germaniam
821 1809 964 1896 miserunt,
989 1810 1037 1891 qui
1057 1812 1198 1895 papulum,
1221 1811 1358 1895 principes
1380 1835 1413 1875 at
1433 1813 1532 1876 nobiles
1553 1813 1593 1874 ad

561 1896 790 1983 proficiscendum
813 1897 1044 1961 adhortarentur.
1069 1898 1118 1960 Hi
1140 1900 1337 1988 veraliversa
1357 1901 1591 1963 concionabantur

568 2024 601 2035 -
618 1989 665 2069 qui
678 2009 895 2070 unumquemque
915 1988 1076 2067 excitarent,
1090 2002 1123 2050 ut
1141 1989 1331 2071 expeditionem
1356 1990 1384 2051 in
1405 2004 1514 2053 terram
1534 2004 1592 2052 tam

566 2093 699 2140 remotam
709 2078 835 2160 faceret,
850 2099 1030 2158 quamquam,
1044 2101 1077 2138 ex
1100 2076 1140 2138 his
1166 2077 1241 2139 bellis
1265 2076 1425 2159 christianos
1449 2101 1593 2161 nunquam

566 2170 676 2232 lucrum
688 2166 883 2253 fecfflsaris
900 2167 1050 2246 constabat,
1075 2201 1107 2212 -—
1133 2167 1203 2228 unde
1226 2166 1316 2228 multa
1337 2167 1414 2230 mala
1439 2169 1473 2229 ὅ
1487 2170 1593 2230 damna

567 2257 716 2345 artasunt.
738 2253 878 2317 Nonnulli
896 2257 966 2316 onim
982 2256 1132 2338 putabant,
1147 2255 1203 2336 sas
1219 2253 1283 2338 effe,
1298 2256 1371 2336 quad
1395 2271 1533 2340 cuperent,
1549 2257 1593 2319 ul-

567 2345 630 2434 cisci
651 2344 781 2422 iniurias,
805 2341 958 2424 interficere
977 2342 1108 2421 inimicas,
1123 2341 1211 2430 seque
1219 2357 1289 2426 pace
1301 2345 1335 2405 &
1352 2343 1454 2424 gratia
1464 2345 1538 2426 srui
1551 2344 1594 2420 fid,

567 2458 647 2498 cruce
666 2433 800 2517 effante,
820 2434 940 2516 peccatis
963 2433 1101 2511 liberatas,
1120 2448 1207 2515 prena
1228 2433 1262 2493 ὅ
1282 2433 1365 2514 culpa
1382 2433 1517 2519 absolutas
1529 2433 1594 2517 effe.

572 2521 659 2586 Talia
670 2523 868 2605 praedicatores
881 2521 966 2605 inepti
976 2522 1011 2584 eis
1021 2521 1236 2608 persuadebant.

604 2613 766 2668 Nihilominus
781 2613 850 2666 ultra
868 2631 939 2664 enare
956 2612 1060 2682 proficii
1072 2613 1149 2679 sunt:
1173 2614 1295 2678 Andreas,
1317 2629 1365 2664 rex
1383 2613 1509 2682 ngariae,
1523 2613 1595 2679 socer

569 2695 630 2758 eius,
645 2692 832 2762 patrissrater,
845 2695 899 2744 Otto
911 2697 967 2746 dux
983 2693 1113 2745 Dalmatia
1128 2693 1156 2743 Θ
1165 2691 1277 2756 croatie,
1290 2692 1460 2756 Eckexbertus,
1477 2692 1595 2762 episcopus

570 2772 781 2842 Babeubcrgenſss,
799 2774 910 2825 marchio
929 2775 960 2824 de
981 2773 1102 2836 Audacius,
1116 2772 1209 2840 Dieffen
1222 2770 1494 2841 &Wolffratnltauscm
1516 2773 1595 2826 Ludo·

569 2853 662 2918 wicus,
677 2869 749 2904 comeo
765 2851 892 2903 Palatinus
902 2853 932 2902 de
942 2852 1022 2903 Rheno
1035 2853 1063 2902 ὅ
1071 2854 1126 2902 dux
1140 2850 1269 2904 aawariae
1275 2851 1380 2918 primus,
1393 2850 1529 2919 hupaldus,
1542 2853 1596 2904 dux

571 2930 683 2999 Austriae,
701 2930 805 2992 Uiritus,
817 2929 936 2998 episcopus
950 2927 1115 2996 Patavienfii,
1130 2947 1204 2982 comes
1217 2928 1341 2994 Allectus,
1347 2933 1438 2999 frater
1449 2931 1510 2996 eius,
1522 2948 1597 2985 comes

571 3010 714 3065 Bertlsoldus
733 3014 769 3084 de.
782 3012 870 3078 diogen,
892 3027 965 3062 comes
979 3009 1117 3078 luipoldus
1130 3013 1161 3061 de
1174 3008 1266 3073 Plano,
1278 3009 1450 3076 Eberhardus,
1463 3011 1598 3078 archiepis·

572 3101 641 3160 copus
654 3089 849 3160 Salnburgcnſss,
857 3089 987 3158 propositus
1003 3088 1116 3141 Albertus
1129 3092 1159 3141 de
1172 3089 1306 3157 Saluimg,
1316 3089 1445 3158 propositus
1458 3091 1598 3144 Fridericus

502 3169 830 3238 ¹218ae13ersholdsgadee.
854 3169 934 3222 Prima
954 3169 1050 3238 quidem
1066 3170 1124 3220 beree
1139 3173 1311 3239 profecerunte
1334 3187 1393 3221 nam
1410 3172 1539 3241 AEgyptum
1557 3173 1600 3226 ὶιι-1

570 3250 642 3320 greffl
660 3251 744 3302 urbem
758 3249 910 3314 Damiatam,
924 3248 978 3316 sex
994 3250 1073 3302 dictas
1092 3249 1162 3319 irffra
1176 3249 1360 3302 Alexandriam
1374 3250 1457 3317 suam,
1477 3260 1599 3321 oppugna-

503 3342 561 3388 1219
574 3341 671 3384 verunt
686 3331 714 3381 Θ
724 3337 845 3398 ceperunt,
864 3347 943 3398 quare
959 3330 1089 3397 putabant,
1104 3329 1136 3395 se
1147 3329 1198 3382 iam
1209 3329 1290 3383 omnia
1308 3331 1496 3399 expugnaviffe,
1515 3351 1599 3402 quane-

573 3427 648 3479 quam
663 3420 780 3462 naturam
792 3407 904 3474 fluminis
918 3407 972 3460 Nili
985 3427 1030 3460 non
1041 3408 1160 3476 cognitam
1172 3409 1303 3474 habebant,
1315 3408 1357 3478 qui
1365 3419 1412 3477 per
1424 3420 1497 3464 totum
1510 3413 1599 3483 AEgyp·

575 3502 625 3544 mm
637 3489 742 3543 mediam
754 3488 818 3554 fluit
828 3487 945 3541 &media
961 3488 987 3539 in
1006 3489 1085 3554 estate
1105 3488 1212 3555 crescens
1231 3507 1262 3540 ac
1278 3487 1383 3556 diffusus
1394 3507 1468 3558 agros
1486 3491 1601 3558 inundat,

576 3587 648 3642 quum
660 3569 749 3622 imbres
761 3568 787 3621 in
798 3570 899 3638 AEgypto
909 3567 991 3636 deſset,
1004 3570 1068 3620 unde
1079 3579 1128 3621 tota
1137 3569 1293 3634 terrastoret.
1315 3568 1432 3622 Saldaxus
1442 3588 1514 3638 vera,
1527 3572 1600 3624 huius

576 3650 616 3703 rei
633 3665 678 3704 non
697 3647 798 3716 nescius,
819 3647 845 3700 in
861 3647 908 3701 ioco
921 3648 969 3714 suo
987 3648 1073 3716 restitit
1092 3649 1278 3717 &christianam
1298 3649 1341 3717 qui
1356 3661 1474 3702 naturam
1486 3651 1600 3718 fluminio

504 3743 561 3778 1221
576 3731 733 3800 ignorabant,
741 3729 816 3797 plane
828 3728 943 3797 neglexit,
957 3731 1029 3781 donee
1038 3738 1128 3796 tempus
1142 3729 1250 3793 veniret,
1263 3727 1406 3797 questurum
1419 3729 1538 3799 inopinato
1549 3731 1601 3801 d'p'·

569 3811 658 3877 susum
679 3811 706 3862 ire
721 3809 848 3878 pecoribus
866 3827 897 3860 ae
910 3808 1026 3861 militibus
1038 3809 1175 3876 christianis
1188 3825 1305 3877 magnam
1323 3809 1449 3862 iatius-am
1460 3810 1565 3879 inferret
1576 3813 1606 3864 Β

576 3891 621 3960 ipſs
630 3891 705 3959 usque
714 3892 751 3942 ad
760 3889 845 3943 collum
856 3907 923 3958 aqua
939 3889 1161 3942 circumdarentur.
1186 3889 1291 3956 Uiricus,
1305 3887 1423 3958 episeopus
1436 3891 1601 3960 Patavienfis,

577 3988 651 4024 comos
663 3969 806 4023 Bertlooldus
824 3973 855 4022 de
867 3971 954 4037 Bogen,
967 3986 1041 4022 comes
1052 3969 1231 4038 Luitpoldutde
1244 3969 1337 4034 Plaiee,
1351 3969 1464 4024 Albertus
1477 3973 1505 4023 ὅ
1513 3970 1601 4024 Fride-

576 4049 652 4115 ricus‚
661 4048 769 4102 canonici
778 4048 972 4117 Salseburgenses
984 4048 1087 4100 &multi
1096 4047 1145 4115 alij
1151 4067 1218 4117 aqua
1223 4049 1358 4116 perierunt.
1368 4049 1421 4102 Huc
1431 4049 1528 4114 aecefflt,
1541 4052 1604 4118 quod

570 4128 690 4197 soldanus
703 4145 757 4180 cum
776 4129 882 4181 omnibus
902 4127 975 4196 copiis
987 4128 1044 4193 suis
1055 4128 1190 4197 progreffus
1203 4128 1343 4197 christiam
1355 4128 1454 4197 irrupit.
1476 4129 1515 4182 Ne
1526 4128 1604 4197 igitur

577 4226 655 4263 omues
669 4208 773 4276 turpiter
783 4207 917 4277 &indigne
921 4211 1097 4277 perderentur,
1109 4207 1261 4278 recalescit,
1272 4225 1310 4262 eos
1317 4207 1405 4273 omnia,
1415 4226 1467 4277 quae
1476 4217 1604 4277 expugna·

578 4287 675 4355 v'fient,
680 4287 792 4356 gratuita
798 4291 902 4340 reddere
912 4285 1193 4356 &proiiceraquosatia
1199 4285 1491 4354 vitamservareutcum
1498 4287 1604 4356 infamia
