3716 5628
570 499 658 619 278
774 497 1017 628 ‘Testimonio
1039 498 1081 588 in
1104 497 1225 590 ltalia
1245 498 1424 625 scriptu.

497 781 556 828 1219
568 760 657 843 saque
672 759 714 822 est
727 758 767 820 ob
782 779 850 821 earn
864 758 996 821 maxime
1006 778 1071 822 rem
1082 759 1252 822 Sarracenis
1263 758 1348 839 salus,
1358 776 1393 823 ut
1408 759 1596 843 purgationis

569 869 680 910 munus
694 869 859 930 curamque
877 847 1067 929 susciperent.
1089 845 1188 910 Prima
1207 869 1281 912 vero
1306 850 1445 911 onmium
1470 847 1596 910 macho-

567 935 652 1000 naria
665 935 749 999 urbis
770 938 914 1018 primaria
934 936 964 998 in
989 935 1119 1019 gloriose
1135 936 1271 1019 Virginis
1297 935 1358 999 Dei
1381 934 1411 999 dr
1431 934 1595 998 Salvatoris

567 1024 659 1088 nostri
682 1022 747 1086 lesu
768 1025 924 1106 genitricis
944 1022 1101 1087 ecclesiam
1123 1025 1291 1105 instaurata,
1306 1047 1341 1088 ac
1363 1029 1394 1088 in
1409 1024 1595 1107 episcopium

567 1114 705 1176 dedicata
730 1112 780 1176 est.
805 1111 883 1174 Eam
898 1113 1006 1176 urbem
1020 1130 1141 1195 captam
1165 1111 1223 1175 esse
1249 1114 1421 1197 intelligens
1437 1111 1596 1189 Soldanus,

566 1201 669 1266 castris
679 1199 807 1264 incensis
819 1200 953 1285 Cayrum
964 1202 993 1264 se
1004 1201 1255 1285 Babylonemque
1266 1204 1392 1284 recepit,
1402 1202 1432 1265 δι
1443 1199 1596 1263 christiani

497 1320 555 1353 1220
568 1290 619 1352 sub
635 1290 730 1373 ipsum
746 1291 824 1351 veris
840 1289 960 1352 initium
976 1291 1081 1352 urbem
1104 1291 1140 1352 ad
1166 1294 1241 1354 adris
1264 1291 1420 1353 sanitatem
1443 1288 1596 1351 redadlam

466 1393 529 1440 Febr.
543 1408 552 1440 ι
567 1377 705 1441 kalendis
719 1376 893 1440 Februariis
909 1376 974 1440 sunt
1003 1378 1129 1462 ingresfi.
1155 1377 1338 1462 Posteroqne
1364 1376 1412 1440 die
1437 1375 1596 1439 cardinalis

568 1465 724 1530 Columna
736 1466 853 1547 legatus
881 1485 953 1526 cum
981 1465 1128 1548 episcopis
1153 1465 1182 1528 ἃ
1207 1467 1338 1549 ingentis
1365 1465 1485 1527 numeri
1513 1463 1595 1525 clero

567 1553 681 1616 solenni
703 1574 817 1636 pompa
831 1551 1036 1635 gloriosissime
1052 1554 1187 1636 Virginis
1203 1552 1448 1637 purificationem
1464 1553 1597 1614 ardenti-

568 1642 623 1706 bus
638 1663 700 1704 non
716 1642 811 1723 magis
826 1642 857 1703 in
872 1639 1099 1727 ecclefiaquam
1112 1664 1165 1725 per
1180 1644 1305 1705 vicos&
1328 1642 1441 1724 plateas
1463 1639 1597 1702 candelis

567 1729 707 1792 &cereis
722 1727 923 1792 celebravere.
940 1731 1057 1793 Habuit
1072 1752 1125 1813 per
1140 1731 1169 1793 id
1186 1745 1306 1812 tempus
1322 1727 1597 1809 Damiataamplis-

568 1815 639 1878 fime
665 1816 947 1900 opulentissimeque
971 1819 1101 1881 civitatis
1125 1819 1267 1900 speciem:
1299 1834 1479 1902 raptamque
1505 1817 1535 1877 in
1563 1835 1599 1876 ea

568 1925 668 1968 rerum
683 1907 822 1967 omnium
834 1908 956 1989 copiam
970 1908 1034 1970 auri
1049 1909 1226 1992 argentique
1249 1908 1277 1970 br
1292 1905 1429 1969 ditiffime
1451 1903 1598 1988 supellec·

568 1993 628 2057 tilis
644 1994 673 2055 in
692 1995 826 2055 maxima
850 1993 966 2079 legatus
991 1993 1134 2082 regesque
1159 1995 1188 2058 δι
1214 1997 1307 2058 duces
1333 1991 1483 2057 exercitus
1498 1988 1597 2054 'militi

567 2081 728 2144 christiano
756 2103 835 2165 equa
862 2081 1310 2168 distributione*‘largiti‘lirnu
1333 2085 1413 2167 'quin
1442 2081 1599 2144 etiam““de

568 2181 711 2253 agrorum
732 2170 882 2233 divisione
898 2170 928 2233 in
954 2166 1092 2254 tempore
1113 2163 1373 2235 facienda‘attum
1395 2171 1452 2248 est;
1480 2170 1599 2232 cunslis

568 2256 806 2321 existimantibus
822 2260 898 2338 fore,
913 2277 946 2322 ut
960 2258 1093 2323 Soldano
1110 2261 1278 2342 Babylonio
1293 2261 1454 2323 deturbato
1477 2257 1599 2336 milites,

568 2347 621 2429 qui
646 2345 755 2408 domos
780 2345 1060 2431 supellediilemque
1085 2347 1277 2431 accepissent,
1308 2349 1337 2411 in
1366 2351 1432 2411 eius
1466 2346 1599 2426 colonia,

568 2433 639 2496 dato
653 2435 790 2512 nomine,
805 2434 910 2498 ascribi
927 2452 1112 2518 paterentur.

610 2520 742 2584 Duobus
764 2543 834 2584 cum
857 2525 943 2585 annis
959 2525 1070 2603 iterim,
1090 2525 1200 2607 quibus
1223 2524 1329 2587 Petrus
1345 2519 1598 2587 Autlsrodorensrs

571 2613 736 2692 imperator
761 2610 1119 2694 Constantinopolitanus
1147 2617 1177 2675 in
1206 2613 1370 2676 Theodori
1395 2612 1481 2674 ducis
1507 2608 1598 2673 Dira-

569 2699 651 2761 chini
671 2717 791 2761 carcere
808 2700 925 2780 agebat,
943 2696 1024 2765 Ioles
1047 2724 1124 2765 uxor
1144 2703 1310 2784 imperium
1331 2699 1599 2777 administraverat,

570 2808 629 2870 que
651 2789 687 2846 ad
710 2807 763 2848 eos
784 2787 877 2849 ferme
902 2790 977 2869 dies,
1001 2811 1055 2872 per
1070 2813 1148 2874 quos
1161 2788 1307 2852 Damiata
1320 2791 1351 2851 in
1366 2787 1598 2850 christianorum

570 2874 749 2958 potestatem
764 2875 842 2936 fasta
860 2876 902 2938 est
917 2879 999 2939 diem
1014 2878 1091 2940 obiit
1106 2925 1228 2942 ......
1251 2876 1421 2943 Cardinalis
1436 2879 1519 2939 enim
1534 2877 1599 2942 Co-

570 2963 684 3041 lumna,
708 2961 825 3045 legatus
849 2965 1043 3047 apostolicus,
1071 2968 1101 3031 δι
1127 2969 1278 3048 Andreas,
1300 2988 1354 3028 rex
1379 2966 1545 3048 Hungarie,
1569 2965 1674 3050 &pxij
1689 3007 1719 3035 v.

570 3051 663 3114 ceteri
679 3071 820 3132 proceres
840 3053 870 3114 in
892 3053 1005 3116 bonam
1020 3075 1165 3121 venerant
1179 3058 1271 3141 spem,
1292 3059 1368 3136 fore,
1382 3074 1417 3119 ut
1430 3055 1598 3120 Soldanum

570 3139 804 3222 sarracenosque
834 3142 915 3204 brevi
943 3143 1139 3225 conficerent,
1164 3148 1274 3230 quibus
1302 3146 1487 3209 intentandis
1510 3143 1599 3205 rebus

570 3231 600 3291 id
616 3227 713 3291 solum
736 3249 822 3291 more
843 3231 1015 3311 interceslit,
1037 3236 1118 3317 quod
1140 3232 1282 3316 Ioannes,
1308 3233 1520 3316 Hierosolymo
1536 3253 1600 3311 rex,

571 3317 639 3402 plus
663 3316 715 3380 stbi
740 3340 833 3400 quam
864 3319 986 3384 deceret
1010 3343 1164 3423 arrpgans,
1196 3323 1302 3408 parum
1328 3322 1599 3402 constderabaq&

571 3406 591 3469 fi
617 3408 688 3470 urbs
718 3407 862 3472 Damiata
890 3407 941 3470 suo
966 3398 1151 3475 subiicienda
1179 3432 1242 3478 erat
1267 3435 1371 3497 regno,
1400 3412 1600 3475 deserendum

571 3513 671 3560 tamen
694 3517 712 3558 a
732 3495 760 3558 se
784 3496 928 3559 cardinali
954 3499 983 3562 δι
1009 3500 1228 3584 Hungarorum
1255 3504 1316 3586 regi
1338 3501 1509 3585 quantisper
1532 3498 1601 3578 elle,

571 3607 628 3650 nec
652 3585 755 3648 omnia
780 3585 839 3648 illis
864 3585 1049 3668 presentibus
1074 3589 1309 3674 inconsultisque
1333 3612 1371 3652 ex
1392 3589 1519 3651 arbitrio
1544 3590 1601 3652 im-

571 3675 748 3758 perandam,
762 3677 848 3740 cuius
862 3679 916 3755 rei,
934 3698 1005 3740 cum
1020 3678 1092 3741 esset
1110 3679 1275 3763 aliquando
1290 3702 1308 3743 a
1322 3680 1467 3743 cardinali
1484 3677 1603 3740 modes·

571 3764 678 3826 tissrme
701 3765 886 3845 admonitus,
908 3766 1152 3851 Hierosolymam
1176 3770 1270 3850 brevi,
1298 3787 1331 3832 ut
1352 3769 1438 3847 dixit,
1452 3769 1603 3831 rediturus

572 3853 700 3931 accessit,
731 3875 823 3936 quem
851 3853 939 3916 multi
968 3855 1081 3920 milites
1113 3856 1180 3920 sunt
1210 3857 1313 3937 secuti,
1345 3880 1402 3920 nec
1430 3856 1602 3940 priusquam

573 3965 679 4028 terque
693 3961 862 4028 quaterque
877 3962 1010 4030 rogatus,
1025 3963 1058 4009 ut
1079 3947 1199 4027 rediret,
1220 3948 1329 4011 adduci
1351 3949 1459 4029 potuit.
1476 3943 1603 4008 Interim

572 4036 648 4097 estas
662 4056 697 4098 ac
718 4036 823 4119 hyems
844 4041 942 4120 prima
962 4037 1095 4100 habitate
1110 4059 1127 4098 a
1149 4039 1256 4099 nostris
1273 4037 1418 4098 Damiate
1432 4035 1539 4098 exadia
1553 4036 1603 4098 est.

500 4157 556 4192 1221
573 4124 699 4206 Verque
714 4125 750 4186 ad
766 4127 830 4188 eius
846 4127 977 4189 reditum
993 4127 1024 4187 in
1039 4126 1166 4188 alteram
1180 4126 1302 4188 estatem
1315 4125 1424 4187 abibat.
1437 4123 1485 4187 Eo
1502 4124 1604 4206 postea

573 4211 719 4295 presente,
733 4234 805 4274 cum
819 4214 857 4276 de
872 4215 961 4277 rebus
983 4214 1107 4298 agendis
1125 4213 1284 4276 confilium
1306 4214 1479 4293 baberetur,
1490 4212 1605 4295 placuit

574 4301 726 4382 omnibus,
748 4303 778 4366 in
803 4303 938 4388 Cayrum
962 4301 1217 4387 Babylonemque
1242 4302 1426 4365 ducendum.
1451 4303 1504 4366 Ad
1528 4324 1604 4386 quas
