3656 5648
562 509 643 601 106
705 587 709 596 .
742 505 985 635 ‘Testimoniu
1006 505 1047 599 in
1072 501 1211 598 Gallia
1222 502 1402 632 scriptu.

481 792 538 840 1219
551 774 607 828 suit.
627 775 725 828 Inventi
744 775 799 827 sunt
818 775 842 826 in
855 775 977 828 Damiata
989 773 1112 826 trabuculi
1128 785 1239 844 quatuor
1256 791 1314 826 cum
1326 773 1447 844 'petrariis
1468 777 1491 828 dt
1511 794 1582 828 man·

551 855 655 925 gonellis
676 854 797 924 plurimis,
825 854 909 907 baliste
929 872 987 907 cunr
1014 865 1089 906 tomo
1109 854 1235 908 sortissrme
1257 856 1282 907 u
1304 872 1381 907 omne
1400 873 1479 924 genus
1500 873 1582 909 anna-

553 951 607 989 ture
619 935 730 989 sortium.
756 937 859 988 Aurum
879 937 901 986 dt
921 947 1053 1004 argentum
1067 952 1125 986 cum
1145 934 1217 1003 perlis
1237 936 1261 986 dr
1281 934 1333 986 aliis
1354 937 1427 987 rebus
1448 937 1582 990 mobilibus

551 1033 602 1068 non
620 1017 698 1068 solum
717 1015 781 1068 inter
796 1017 899 1069 clericos
911 1018 936 1068 dr
949 1015 1046 1080 milites,
1069 1016 1110 1068 sed
1129 1014 1204 1068 etiam
1221 1015 1286 1068 inter
1299 1015 1415 1068 satellites
1430 1018 1455 1068 dr
1469 1017 1583 1070 mulieres

551 1097 574 1147 δι
597 1114 685 1166 pueros
708 1095 875 1160 dividebatur,
896 1097 1144 1165 proportionabiliter
1162 1110 1240 1150 turres
1260 1098 1367 1150 civitatis
1386 1097 1515 1150 distribute
1528 1098 1583 1150 sunt

551 1175 614 1228 inter
624 1193 824 1244 regna,quomm
831 1177 963 1228 bellatores
971 1189 1139 1229 convenerant
1147 1177 1180 1228 ad
1190 1176 1242 1229 eius
1250 1177 1406 1247 captionem;
1419 1178 1527 1231 dedudia
1535 1178 1582 1230 hrit

552 1254 633 1325 primo
643 1255 709 1322 loco,
721 1254 781 1308 licut
792 1255 876 1309 decuit
886 1258 908 1308 dc
918 1257 1038 1325 oportuit,
1052 1273 1101 1309 una
1113 1255 1196 1317 turris,
1210 1275 1260 1325 que
1270 1259 1391 1312 Romane
1402 1257 1450 1311 suit
1461 1258 1583 1327 assignata

552 1335 661 1388 Ecclesre
684 1353 741 1388 cum
761 1349 834 1405 porta
852 1335 925 1405 ipsrus
938 1353 987 1406 que
1002 1336 1061 1388 olim
1075 1336 1207 1389 dicebatur
1218 1337 1366 1407 Babylonis,
1387 1349 1447 1391 tunc
1459 1338 1583 1408 appellata

551 1417 585 1469 ell
599 1416 726 1468 Romana.
745 1416 807 1468 Alia
821 1417 897 1468 etiam
910 1416 983 1468 turris
996 1416 1133 1469 reservatur
1146 1416 1265 1470 Damiate
1276 1417 1470 1487 archiepiscopo.

591 1499 624 1549 Et
642 1496 702 1549 srcut
719 1495 777 1547 olim
798 1495 886 1549 civitas
899 1496 948 1548 Dei
961 1495 1066 1548 viventis
1083 1495 1237 1549 Hierusalem
1248 1497 1332 1550 sansia
1345 1512 1419 1566 capta
1441 1497 1488 1550 suit
1501 1499 1583 1562 nodie,

553 1578 585 1630 src
598 1576 722 1630 christiani
731 1575 877 1628 Damiatam
891 1590 949 1628 ante
959 1575 1095 1628 diluculum
1113 1576 1285 1629 obtinuerunt.
1300 1577 1495 1630 Instrumentum
1508 1578 1584 1642 enim,

552 1674 604 1725 quo
624 1655 700 1708 turris
721 1668 796 1724 capta
813 1654 859 1708 suit
877 1655 995 1720 fluminis,
1020 1655 1171 1708 Teutonicie
1184 1673 1242 1709 cum
1256 1655 1399 1710 Frisonibua
1411 1655 1436 1710 in
1449 1674 1583 1711 commuue

554 1737 718 1788 donaverimt.
742 1736 783 1787 De
803 1751 854 1805 quo
871 1735 952 1787 saslus
974 1735 1008 1787 esl
1030 1751 1091 1803 pons
1110 1735 1174 1788 inter
1187 1735 1312 1788 civitatem
1330 1737 1355 1788 ds
1368 1737 1491 1790 castrum:
1512 1737 1584 1807 quod

554 1816 722 1868 construslum
741 1815 775 1867 esl
791 1814 823 1866 ad
842 1814 1025 1866 munimentum
1039 1814 1092 1883 ripe
1108 1814 1214 1867 civitatis
1228 1815 1411 1884 contraposrte3
1432 1816 1485 1869 duo
1498 1817 1584 1870 ealles-

555 1895 606 1948 lula
619 1894 757 1964 composita
777 1895 876 1946 suntad
891 1894 1028 1948 custodiam
1042 1895 1125 1964 pontis
1144 1894 1177 1947 de
1194 1895 1283 1947 eodem
1297 1893 1465 1950 instrumento.
1482 1897 1585 1966 Insuper

504 2011 506 2016 .
554 1975 586 2028 de
600 1975 655 2027 altis
670 1973 810 2038 arboribus,
832 1975 904 2043 super
920 1992 984 2043 quas
1005 1973 1068 2026 scala
1083 1974 1211 2043 pendebat
1228 1975 1342 2028 edificata
1355 1975 1389 2027 ell
1401 1977 1500 2046 specula
1513 1977 1585 2046 super

555 2054 712 2107 altitudinem
726 2054 797 2106 callri
810 2053 868 2106 novi
881 2055 913 2105 ad
927 2053 1087 2106 indicandum
1103 2067 1204 2123 portum
1220 2054 1296 2122 longe
1310 2054 1496 2124 navigantibus.
1516 2057 1584 2110 Pons

555 2147 637 2199 vetus,
655 2134 699 2203 qui
715 2133 842 2186 mediante
855 2133 934 2186 insula
946 2145 1079 2203 utramque
1093 2132 1171 2203 ripam
1185 2133 1361 2202 contingebat,
1373 2135 1509 2188 obsidionis
1522 2147 1585 2188 tem-

554 2232 615 2283 pore
633 2213 800 2283 multipliciter
819 2211 975 2265 aSaracenie
995 2212 1076 2265 suerat
1088 2224 1236 2278 attentatus,
1259 2215 1282 2265 ds
1304 2214 1469 2268 acbriliianis
1483 2215 1585 2268 viriliter

555 2292 679 2359 defensus,
691 2295 735 2346 suo
747 2293 846 2346 sundlus
859 2291 943 2345 officio
956 2293 988 2344 ad
1000 2292 1062 2345 alios
1077 2294 1214 2346 reservatus
1227 2291 1261 2346 esi
1274 2293 1340 2345 usus.

619 2519 667 2583 91.
688 2500 737 2561 De
751 2499 874 2582 captione
891 2497 1045 2561 Thonis&
1060 2499 1198 2584 opulentia
1211 2499 1294 2584 ipstus
1308 2502 1529 2585 acjortitudr'ne.

589 2696 648 2748 Non
677 2692 767 2745 minori
793 2691 914 2744 miraculo
940 2691 1018 2744 immo
1040 2691 1128 2745 maiori
1158 2692 1263 2746 donavit
1290 2693 1416 2747 Dominus
1447 2693 1584 2747 christiania

439 2779 498 2826 Nor.
511 2794 539 2840 23
555 2775 664 2841 Thacia,
685 2775 768 2828 meuse
780 2773 920 2838 novembri,
941 2772 966 2824 in
983 2773 1045 2825 terto
1067 2771 1141 2825 sandli
1155 2772 1305 2838 Clementis,
1325 2774 1368 2843 qui
1391 2774 1466 2826 habet
1485 2773 1584 2826 habita·

555 2856 643 2908 culum
660 2854 768 2907 suumin
783 2854 851 2906 mari.
864 2855 931 2907 Nam
948 2852 1008 2904 missr
1026 2852 1049 2904 in
1063 2852 1125 2904 mari
1138 2852 1306 2922 exploratores
1319 2871 1424 2906 numero
1432 2853 1500 2922 quali
1514 2853 1584 2906 mille

555 2935 601 2986 viri
620 2934 645 2986 in
665 2933 785 2986 naviculis
804 2951 848 3002 per
875 2949 978 3002 parvum
1001 2932 1104 2997 flumen,
1128 2931 1171 3001 qui
1200 2933 1301 2984 Thanis
1319 2945 1485 3002 nuncupatur,
1503 2945 1532 2986 ut
1551 2933 1585 2986 de

556 3013 687 3066 cassalibus
700 3013 815 3066 tollerent
836 3013 879 3065 ubi
893 3011 1017 3074 visiualia,
1038 3013 1061 3064 dr
1077 3012 1166 3063 llatum
1181 3011 1284 3082 predisli
1296 3011 1344 3064 loci
1357 3012 1489 3081 diligenter
1500 3013 1585 3082 explo-

557 3105 646 3146 rarent.
669 3092 793 3157 Saraceni,
815 3091 857 3161 qui
877 3108 947 3144 erant
966 3091 991 3142 in
1013 3091 1118 3160 presrdio
1131 3091 1212 3156 casiri,
1226 3090 1281 3143 visrs
1294 3091 1437 3158 christianis,
1458 3103 1586 3162 putantes,

557 3185 639 3226 totum
651 3171 786 3225 exercitum
801 3171 894 3232 venire,
907 3172 1003 3223 serratis
1015 3169 1093 3240 purtis
1107 3169 1237 3239 fugerunt.
1251 3171 1334 3224 Noslri
1342 3189 1403 3225 vero
1413 3172 1490 3224 solum
1502 3172 1585 3225 Chris·

556 3266 610 3306 tum
627 3251 660 3305 ibi
674 3251 833 3322 capitaneum
848 3251 978 3316 habentes,
999 3262 1157 3320 erumpentes
1171 3249 1274 3304 clauslra
1295 3251 1450 3305 intraverunt
1461 3253 1583 3316 caslrum;

556 3331 637 3385 testati
650 3331 704 3384 sunt
719 3331 791 3384 nobis
806 3330 946 3394 redeuntes,
966 3329 991 3382 se
1002 3347 1130 3398 nunquam
1143 3331 1168 3381 in
1181 3330 1258 3398 plano
1270 3329 1359 3384 lortius
1371 3330 1475 3383 castrum
1488 3330 1583 3385 vidisse.

558 3411 658 3478 Septem
678 3421 757 3462 turres
770 3410 846 3462 habet
857 3408 1004 3461 firmislrmaa
1018 3408 1188 3474 testudinatas,
1208 3408 1313 3478 desuper
1324 3427 1369 3479 per
1384 3427 1476 3480 gyrum
1491 3409 1584 3479 duplici

557 3487 620 3541 sosia
634 3490 658 3542 δι
672 3500 780 3558 utroque
793 3507 865 3541 muro
880 3488 997 3559 cingitur,
1018 3488 1113 3540 habens
1126 3487 1292 3556 antemurale,
1313 3488 1382 3540 lacus
1394 3489 1418 3540 se
1428 3488 1547 3541 diffundit
1558 3489 1584 3542 in

557 3567 634 3621 latum
649 3567 674 3620 in
687 3569 818 3622 circuitum
835 3568 860 3620 in
875 3581 975 3621 tantum
994 3579 1021 3620 ut
1036 3567 1119 3620 aditus
1133 3565 1258 3635 equitibus
1274 3568 1366 3640 hyeme
1382 3568 1411 3621 srt
1422 3567 1586 3637 impossibilis,

556 3648 632 3700 estate
645 3647 750 3702 difficilis
765 3647 839 3714 adeo,
862 3660 889 3700 ut
903 3665 946 3717 per
958 3648 1067 3700 nostrum
1080 3646 1215 3700 exercitum
1229 3646 1356 3700 obsidione
1369 3664 1496 3717 nunquam
1510 3665 1585 3717 cape-

557 3741 633 3782 retur.
657 3731 740 3782 Lacus
766 3727 872 3797 piscosus
889 3727 922 3780 esl
944 3727 1026 3794 valde,
1045 3727 1077 3780 de
1093 3726 1163 3779 cuius
1180 3727 1285 3796 piscaria
1304 3727 1413 3780 Soldano
1426 3727 1585 3781 solvebantur

557 3807 686 3860 annuatim
699 3820 807 3877 quatuor
825 3805 891 3858 milia
909 3806 1078 3858 marcharum.
1100 3806 1202 3858 Avibus
1220 3807 1319 3875 insuper
1332 3808 1356 3859 δι
1370 3805 1449 3858 salinis
1463 3807 1584 3858 abundat.

557 3887 654 3940 Casalia
668 3887 746 3939 multa
758 3903 801 3956 per
811 3885 942 3938 circuitum
955 3885 1093 3938 serviebant
1102 3885 1132 3937 ei.
1146 3885 1243 3939 Civitas
1253 3898 1311 3938 ante
1321 3885 1427 3938 castrum
1442 3885 1521 3938 maior
1531 3887 1585 3938 Da·

558 3968 635 4019 miata
648 3966 707 4019 olim
721 3965 826 4030 famosa,
844 3982 911 4018 nunc
923 3977 1007 4018 autem
1022 3966 1130 4031 ruinosa,
1142 3966 1342 4034 magnitudinem
1358 3966 1460 4018 testatur
1472 3965 1584 4018 edificio-

558 4063 621 4099 rum.
643 4047 700 4099 Hec
712 4047 746 4098 eti
759 4045 868 4108 Thanis,
888 4045 958 4098 cuius
971 4045 1053 4114 campi
1077 4045 1191 4098 meminit
1204 4046 1287 4099 David
1308 4045 1443 4115 prophetae
1461 4065 1472 4094 r
1489 4047 1584 4099 Coram

561 4145 571 4173 a
585 4125 697 4193 patribus
707 4141 794 4177 eorum
805 4123 865 4178 lecit
876 4123 998 4178 mirabilia
1010 4126 1059 4177 dte.
1072 4145 1084 4173 a
1097 4124 1207 4193 (Halm,
1215 4140 1321 4189 uxxvu,
1333 4123 1377 4193 ις)
1387 4126 1411 4178 ds
1423 4124 1584 4194 Esaiaa(xtx,
1618 4153 1774 4212 Pseudo-hc,

561 4206 618 4270 rrle
637 4223 649 4252 a
667 4203 740 4256 Stulti
753 4203 876 4274 principes
888 4203 1012 4256 Thaneoe
1029 4202 1151 4272 sapientes
1163 4203 1293 4271 conliliarij
1311 4203 1450 4257 Pharaonis
1463 4204 1586 4256 dederunt
1598 4216 1745 4279 flrflm'm,
1754 4217 1796 4274 111,

562 4282 711 4340 «consilium
721 4282 861 4352 insrpiens.r
876 4286 932 4336 llec
941 4283 975 4336 est
985 4282 1093 4348 Tharria,
1102 4283 1127 4335 in
1134 4299 1185 4352 qua
1194 4283 1318 4353 lapidatus
1327 4283 1438 4336 asseritur
1446 4283 1584 4337 Hieremiae
1663 4291 1731 4338 ¹¹⁴4
