3716 5628
430 541 525 632 181.
561 540 747 632 Marinus
768 539 961 646 sanutus,
973 537 1129 660 senior.
1199 567 1281 660 253

260 805 451 858 'Alamanorum
474 803 580 856 militum
593 803 675 874 copia,
693 804 729 857 ibi
745 821 848 874 quoque
861 803 1059 873 archiepiscopus
1073 802 1217 856 Nicoliensrs
1230 819 1287 856 cum
1303 821 1361 866 1217

264 883 346 936 multia
356 883 455 954 prelatis
464 883 545 936 affuit.
555 885 583 936 In
594 883 745 954 prolebiione
755 901 815 937 uero
824 883 942 952 ipsorum,
951 882 1096 952 patriarcha
1107 882 1288 956 Hierosolymi-

264 975 336 1016 tauus
346 980 403 1016 cum
414 963 493 1015 multa
501 962 639 1038 humilitate
651 963 765 1016 vexillum
776 961 874 1016 vivifice
883 963 962 1015 crucis
973 959 1108 1030 ah'umpsrt,
1126 963 1288 1014 reverentiam

263 1033 591 1114 lacfi‘ry‘rniliiff'exll'bente
604 1043 662 1095 cleri
673 1061 704 1095 ac
716 1042 802 1112 populi
815 1036 1114 1094 multittidirie'iihiverli:
1128 1041 1210 1093 fuerat
1222 1043 1289 1094 enim

141 1161 150 1178 .
264 1123 328 1176 ledia
337 1140 405 1187 crux,
415 1140 473 1175 cum
483 1121 590 1174 Saladini
602 1122 742 1176 immineret
752 1122 845 1175 bellum
857 1122 942 1192 (supra
956 1131 1026 1190 parte
1035 1123 1068 1185 V,
1079 1137 1135 1191 cap.
1148 1121 1205 1190 lv),
1216 1121 1289 1174 reser-

264 1213 322 1255 vata
343 1213 428 1254 autem
449 1218 517 1254 nunc
535 1215 623 1254 contra
635 1201 788 1255 adversarios
801 1203 955 1270 deportatur.
968 1201 1108 1254 Sentientes
1121 1213 1205 1252 autem
1219 1201 1288 1271 impij

265 1282 391 1351 Agarcni,
401 1282 536 1334 exercitum
547 1281 651 1334 Domini
662 1283 776 1334 ordinate
790 1299 832 1352 per
845 1281 946 1350 pianum
957 1282 1026 1333 Fabe
1037 1281 1171 1348 procedere
1184 1281 1208 1332 ἃ
1219 1298 1289 1334 mou-

264 1374 316 1415 tem
328 1361 512 1431 Gelboeusque
522 1361 788 1431 Bethsanpertranhre,
796 1361 878 1414 canili
887 1361 1014 1430 sugerunt,
1022 1361 1187 1429 relinquentes
1197 1374 1289 1413 terram

264 1441 408 1494 vallandam
424 1441 501 1494 libere
518 1441 637 1494 exercitui
654 1441 794 1505 christiano,
812 1441 855 1510 qui
872 1440 897 1491 in
918 1439 1003 1509 vigilia
1023 1439 1104 1492 Sanili
1125 1441 1242 1505 Martini,
1257 1441 1290 1492 ad
1304 1444 1390 1502 Nuuq

264 1521 358 1573 fluenta
370 1516 483 1571 Iordanis
502 1520 656 1588 perveniens,
674 1519 769 1588 suisque
788 1519 846 1571 lotis
858 1521 1006 1590 corporibus
1020 1520 1097 1571 biduo
1109 1530 1235 1571 recreatus
1248 1519 1290 1571 cll.

264 1597 371 1654 Vifitatis
385 1597 475 1650 deinde
490 1598 551 1650 locis
562 1598 659 1664 sanffls,
671 1600 714 1651 ubi
729 1599 845 1651 steterunt
859 1599 935 1669 pedes
949 1599 1061 1660 Domini,
1076 1599 1107 1650 ad
1121 1598 1290 1670 Bethsaydam

264 1677 416 1750 pervenitur,
425 1676 551 1730 civitatem
560 1679 775 1732 Andree&Petri.
786 1678 886 1730 Deinde
896 1679 978 1749 prima
986 1677 1120 1731 Dominica
1130 1679 1161 1730 de
1171 1679 1291 1744 adventu,
1306 1691 1360 1736 Dec.
1373 1703 1385 1749 3

266 1758 381 1811 insultum
404 1755 507 1822 iaciunt,
527 1757 552 1810 in
574 1757 680 1810 callrum
701 1758 826 1828 (superiori
849 1757 972 1827 capitulo)
995 1757 1137 1810 edificatum
1159 1757 1183 1808 in
1206 1769 1292 1811 monte

73 1853 144 1900 v'me.
157 1852 253 1911 neum„
266 1838 368 1902 Tabor‚
390 1837 413 1888 ds
434 1835 497 1912 ipter
517 1849 615 1889 ceteros
636 1855 678 1890 rex
699 1838 829 1894 Ierusalem
854 1838 962 1893 maxime
983 1851 1059 1907 urget
1081 1837 1186 1900 hostem,
1206 1839 1290 1892 ubi&

93 1922 238 1986 suprappp
265 1916 432 1969 admiraldum
452 1917 578 1984 quendam
602 1917 742 1984 prostravit,
770 1918 954 1987 superveniente
976 1931 1060 1969 autem
1078 1918 1151 1968 nosle
1173 1917 1292 1986 inglorius

266 1995 391 2050 descendit
405 1995 534 2047 exercitus.
546 1995 632 2048 Multa
643 2015 673 2047 ex
686 2007 748 2048 tunc
760 2015 775 2048 a
788 1997 931 2048 latrunculis
946 1997 1112 2066 &asperitate
1122 1996 1220 2066 hyemis
1233 1998 1292 2067 passi

267 2075 329 2139 sunt,
334 2073 442 2125 maxime
451 2071 476 2123 in
485 2071 570 2140 uigilia
580 2073 726 2126 Natiuitatis
736 2073 851 2140 Domini,
861 2074 959 2142 plurimi
968 2091 1029 2126 sero
1039 2076 1196 2143 captivorum
1205 2075 1292 2128 utrius·
1306 2087 1362 2133 Dec.
1373 2099 1405 2144 24

265 2171 314 2224 que
326 2154 395 2205 sexus
406 2151 524 2221 baptizati
533 2151 594 2203 suut.
605 2153 663 2204 Poll
673 2154 720 2206 hec
729 2153 851 2205 exercitus
863 2153 964 2205 Domini
975 2153 1154 2223 quadrifariam
1164 2154 1291 2208 dividitur.

266 2235 350 2300 Reges
364 2231 429 2283 enim
449 2231 561 2300 Ungarie
576 2233 599 2283 is
614 2233 694 2302 Cypri
707 2232 833 2302 Tripolim
846 2231 949 2301 profebii
963 2233 1027 2298 sunt,
1043 2232 1129 2301 ibique
1141 2251 1184 2286 rex
1203 2236 1293 2303 Unga·
1308 2245 1366 2294 1218

266 2312 301 2364 ric
316 2311 384 2363 brevi
403 2322 516 2379 tempore
537 2310 694 2376 immoratus,
714 2327 772 2364 cum
796 2329 889 2380 magno
908 2313 1003 2364 damno
1022 2313 1104 2364 Terre
1125 2313 1293 2366 Promissionis

266 2387 386 2453 abscessit,
414 2387 566 2456 peregrinos,
587 2389 733 2454 dextrarios,
750 2389 865 2442 iumenta
890 2391 914 2441 ds
939 2407 1008 2441 arma
1029 2407 1086 2442 cum
1108 2390 1188 2458 galeis
1210 2391 1293 2444 secum

267 2469 375 2533 trahens,
398 2467 455 2518 licet
474 2484 489 2517 a
511 2469 651 2536 patriarcba
671 2470 737 2537 prius
757 2469 867 2520 monitus
886 2471 911 2521 dr
932 2469 1035 2523 tandem
1051 2486 1110 2522 cum
1132 2471 1174 2522 sua
1195 2469 1294 2539 sequela

267 2546 535 2602 excommunicationis
549 2547 648 2600 vinculo
660 2547 804 2600 innodatus.
817 2549 878 2600 Alia
892 2565 949 2618 pars
963 2549 1108 2600 timidorum
1125 2551 1150 2600 δι
1167 2548 1294 2603 effemina-

267 2641 351 2680 torum
365 2626 479 2679 remansrt
499 2627 676 2699 Ptolemayde.
701 2630 758 2680 Rex
775 2645 834 2681 vero
855 2629 988 2680 Ierusalem
1007 2629 1099 2680 &dux
1118 2629 1221 2682 Austrie
1236 2647 1295 2682 cum

269 2707 432 2779 hospitalariis
450 2708 530 2760 sanffi
547 2707 674 2773 iohannis,
695 2709 719 2760 ds
746 2708 861 2777 predictis
883 2708 982 2778 prelatis
1007 2725 1037 2760 ac
1058 2708 1210 2777 quibusdam
1233 2709 1296 2778 aliis,

270 2790 417 2845 celeriter&
430 2788 521 2841 utiliter
533 2789 639 2840 castrum
651 2788 756 2840 Cesaree
768 2787 937 2840 firmauerunt.
948 2788 1088 2857 Templarij
1100 2805 1167 2852 vero,
1176 2788 1295 2842 auxilian-

270 2871 336 2924 tibus
354 2869 489 2938 peregrinis
507 2870 531 2919 δι
552 2867 665 2937 hospitali
689 2868 721 2919 de
740 2869 818 2921 domo
844 2867 1074 2933 Theotonicorum,
1091 2868 1207 2934 calicum,
1226 2869 1295 2938 quod

269 2952 337 3021 prius
362 2949 493 3002 dicebatur
517 2948 573 3014 Filij
597 2947 655 3012 Dei,
680 2948 887 3000 reedificasemnt
915 2949 939 3000 aa
967 2947 1081 3000 Castrum
1107 2947 1294 3017 peregrinorum

270 3043 377 3096 vocant;
400 3029 435 3080 ibi
462 3029 486 3080 in
511 3027 654 3080 fossionibus
680 3027 767 3096 ignota
790 3039 893 3079 moneta
914 3029 1015 3078 inventa
1038 3028 1081 3090 eil,
1107 3028 1294 3096 peregrinorum

270 3112 368 3163 iabores
380 3111 403 3161 ds
416 3109 528 3178 sumptus
541 3107 667 3160 allevians.
680 3113 808 3160 Venerunt
822 3121 917 3172 autem,
933 3109 957 3158 in
973 3107 1071 3160 Martio
1083 3111 1141 3158 anni
1164 3107 1295 3176 sequentis,
1306 3125 1374 3174 Ma

269 3207 382 3260 copones
405 3205 434 3240 ex
455 3187 582 3258 provincia
607 3187 758 3252 Colonienfi,
782 3189 806 3238 de
830 3187 886 3254 alij3
913 3199 1063 3256 apparuerat
1088 3185 1152 3238 enim
1177 3187 1202 3240 in
1228 3187 1296 3240 dieta

270 3275 406 3350 provincia,
427 3274 495 3326 sexta
517 3273 578 3326 feria
599 3286 657 3325 ante
675 3272 848 3337 Pentecosten,
867 3289 924 3324 cum
943 3270 1111 3339 prediceretur
1130 3285 1199 3334 crux,
1222 3270 1296 3340 iphus

269 3359 349 3414 crucis
373 3357 461 3427 triplex
484 3353 566 3408 forma
583 3355 608 3406 in
630 3371 687 3407 eres
707 3369 758 3406 una
782 3353 899 3417 candida,
923 3350 1004 3403 sersus
1026 3351 1222 3420 aquilonemque
1248 3353 1296 3404 alia

269 3439 410 3505 consmilis,
431 3439 464 3490 ad
477 3437 656 3506 meridiemque
669 3435 743 3488 tertia
763 3433 847 3486 medio
863 3434 948 3486 colore
968 3433 1089 3494 colorata,
1104 3432 1198 3485 habens
1216 3433 1296 3486 crucis

269 3519 457 3592 patibulum&
472 3517 580 3587 figuram
603 3515 713 3570 hominis
734 3513 843 3567 crucifixi
856 3513 957 3566 elevatis
975 3512 1091 3579 brachiis,
1106 3529 1164 3564 cum
1179 3511 1297 3566 infixione

270 3603 408 3665 clavorum,
429 3600 453 3651 ss
474 3597 556 3666 capite
578 3596 705 3662 inclinato,
727 3595 809 3646 media
832 3594 895 3646 inter
914 3593 976 3644 illas.
999 3595 1027 3646 ln
1049 3592 1100 3644 alio
1117 3591 1185 3658 loco,
1202 3593 1227 3645 in
1241 3593 1296 3644 silla

271 3679 353 3732 Frixie
374 3691 487 3748 tempore
504 3674 679 3746 predicationis
702 3674 781 3726 crucis
802 3671 918 3742 apparuit
940 3671 1007 3723 iuxta
1030 3670 1105 3724 solem
1126 3689 1186 3725 crux
1207 3671 1297 3724 cerulei

270 3759 368 3813 coloris.
382 3762 411 3813 ln
423 3757 512 3810 diocesi
526 3756 602 3809 etiam
617 3753 772 3819 Traiacenli‚
785 3752 810 3804 in
824 3751 878 3805 villa
894 3751 1014 3817 Dostum,
1027 3751 1143 3821 apparuit
1158 3768 1218 3803 crux
1239 3751 1297 3803 alba

271 3841 295 3893 u
310 3856 412 3909 magna,
423 3855 454 3890 ac
469 3837 485 3889 sr
499 3838 568 3890 trabs
581 3853 611 3888 ex
627 3835 731 3887 adverso
742 3832 821 3885 trabis
837 3830 1001 3884 artificialiter
1026 3829 1086 3883 esset
1105 3830 1252 3900 composita,
1273 3831 1297 3882 a

272 3923 421 3975 movebatur
432 3921 466 3972 ab
479 3917 596 3988 aquilone
614 3915 639 3968 in
658 3915 795 3968 meridiem.
814 3913 894 3965 Tunc
911 3911 1038 3964 firmatum
1056 3911 1089 3962 est
1108 3927 1151 3978 per
1173 3911 1297 3962 summum

271 4001 415 4072 pontificem
426 4001 458 4053 de
472 3999 661 4052 transmittenda
674 3997 698 4049 in
713 3999 846 4066 Egyptum
859 3993 944 4046 militia
958 3991 1096 4045 chrilliana.
