3726 5628
397 541 469 668 96.
498 541 705 639 Chronico
727 543 847 678 regia
872 541 1141 679 Colonienfis.
1205 579 1278 672 151

258 809 396 892 magister
416 807 531 872 milicie
544 809 695 893 Templi;
716 831 795 895 quos
809 811 953 876 sudaster
965 810 1099 895 sequitur
1113 833 1176 876 non
1190 812 1287 897 segnis
1301 835 1361 882 tarr

257 899 345 962 turba
357 899 487 964 suorum.

310 1043 316 1055 ·
403 1023 465 1086 Hic
478 1031 561 1108 equus
574 1025 719 1108 opponitur
732 1025 815 1106 equis,
827 1025 871 1088 hic
883 1025 989 1112 enstbus
1002 1025 1080 1112 castr,

402 1111 463 1175 Hic
476 1112 577 1196 cdpeus
589 1115 689 1200 clipeis,
705 1114 747 1176 hic
761 1116 863 1178 obruta
876 1115 976 1200 caffldc
990 1115 1077 1202 caffls.

297 1246 386 1334 Quid
402 1246 511 1330 plura?
536 1246 605 1334 Qui
627 1247 669 1311 esi
695 1263 765 1311 ante
778 1247 877 1312 secula
891 1248 1064 1312 humiliavit
1078 1271 1142 1329 eos,
1156 1271 1287 1333 quorum

257 1337 338 1421 prius
360 1335 503 1400 sublimes
525 1352 610 1400 erant
631 1337 777 1419 palpebre
799 1337 1002 1420 &supercilia
1022 1339 1121 1402 etesia
1142 1339 1191 1414 (cs.
1213 1339 1286 1403 Pro-

256 1427 347 1504 verb,
365 1445 445 1504 xxx,
472 1427 529 1508 13).
554 1424 639 1488 Nam
655 1425 716 1488 duo
736 1448 822 1509 reges
837 1427 878 1490 ibi
893 1429 1081 1506 ceciderunt,
1103 1427 1154 1490 ille
1174 1427 1288 1493 scilicet

256 1517 294 1577 dc
309 1513 502 1579 Corduba&
518 1513 569 1577 ille
595 1513 633 1576 de
647 1512 752 1594 ichen,
777 1531 915 1599 preterea
939 1516 1007 1599 plus
1031 1537 1123 1600 quarn
1147 1537 1183 1598 14
1203 1517 1288 1580 milia

256 1603 503 1681 sarracenorum,
531 1619 632 1684 preter
660 1605 814 1686 captivos,
834 1606 885 1688 qui
914 1605 1024 1670 infiniti
1039 1621 1134 1670 erant.
1161 1603 1286 1688 Insuper

256 1695 352 1756 eciam
373 1692 468 1776 galee,
493 1711 567 1774 quas
588 1712 641 1774 per
654 1713 738 1756 mare
753 1693 952 1774 adduxerant,
976 1697 1079 1778 hrgate
1099 1695 1174 1758 sunt
1199 1694 1286 1758 Reli-

256 1797 386 1865 querunt
401 1779 499 1844 eciam
514 1779 545 1842 in
559 1799 670 1862 campo
685 1781 790 1844 omnia
804 1783 938 1845 tentoria
950 1804 1023 1846 cum
1038 1800 1103 1848 tota
1117 1781 1287 1867 suppellec-

255 1870 299 1933 tili
315 1871 373 1934 sua
399 1870 493 1934 Circa
516 1868 623 1930 festum
643 1891 716 1932 vero
741 1889 774 1932 rr
790 1871 911 1934 milium
925 1873 1077 1956 virginum
1092 1896 1146 1956 per
1161 1869 1287 1936 fossores
1300 1883 1384 1930 ottob.
1395 1897 1422 1930 ιι

255 1960 366 2024 cecidit
377 1960 471 2022 altera
481 1959 582 2022 turris.
597 1957 693 2022 Tunc
705 1959 830 2022 demum
841 1962 992 2042 perterriti
1009 1961 1146 2026 infelices
1157 1963 1286 2026 castrum

255 2049 463 2125 reddiderunt,
484 2046 513 2108 dr
536 2047 563 2108 se
578 2045 609 2108 δι
622 2046 673 2108 sua
693 2048 723 2109 in
748 2069 857 2113 manus
878 2049 1110 2112 christianomm
1125 2051 1287 2130 dederunt,

255 2137 307 2220 qui
331 2157 438 2199 omnes
452 2136 617 2198 venundati
640 2134 715 2198 sunt.
740 2132 870 2200 Invente
890 2136 957 2201 sunt
971 2139 1053 2202 enim
1070 2138 1100 2200 in
1115 2139 1176 2201 hoe
1190 2138 1286 2202 castro

255 2243 317 2288 tam
342 2225 380 2287 de
404 2225 478 2286 viris
502 2244 594 2307 quam
622 2225 662 2285 de
685 2223 862 2287 mulieribus
886 2246 978 2309 quam
1004 2224 1136 2308 parvulis
1161 2227 1287 2309 persone

255 2314 335 2376 circa
348 2312 410 2375 duo
426 2312 510 2375 inilia
524 2311 612 2393 &50.
627 2311 669 2375 Et
680 2311 833 2376 reddinmr
848 2312 892 2376 est
904 2313 1034 2376 castrum
1049 2336 1087 2377 ex
1102 2330 1185 2396 parte
1201 2335 1287 2398 pere-

254 2401 412 2484 grinorum
420 2400 562 2464 fratribus
571 2400 609 2463 de
618 2398 745 2464 Gladio.
756 2399 824 2463 Post
831 2400 984 2465 Omnium
991 2401 1286 2466 sanctorumfestum
1300 2416 1362 2462 Nor.
1375 2431 1384 2464 ι

255 2489 411 2552 universus
421 2489 572 2552 exercitus
586 2486 863 2572 crucesignatorum
873 2487 1007 2552 reversus
1021 2488 1064 2552 est
1076 2489 1286 2571 Ulixibonanr,

254 2591 319 2639 tota
333 2579 444 2662 hyeme
459 2577 573 2639 ibidem
590 2577 702 2640 bonam
717 2579 832 2641 ducens
847 2577 950 2640 vitam.

254 2674 328 2750 [infra
335 2698 375 2750 pp.
387 2697 499 2746 242-244,
516 2683 615 2749 sequitur
625 2685 910 2820 arbioryoyperdglr'perium
925 2684 1079 2748 Scholastica,
1093 2699 1134 2751 pp.
1147 2687 1288 2750 13974398,

719 2772 731 2802 e
755 2774 770 2802 a
805 2759 830 2802 'tr

289 2845 388 2898 Deinde
394 2845 427 2897 ad
438 2858 552 2898 montem
559 2845 653 2898 Tabor
660 2857 834 2914 pervenerunt,
843 2834 894 2897 ubl
902 2833 1075 2898 Coradlnus
1083 2835 1214 2899 castrum
1222 2836 1286 2900 for·

254 2923 396 2986 tissimum
407 2943 479 2986 curn
490 2921 678 3005 septuaginta
689 2921 802 3006 septem
814 2921 946 2987 turribus
958 2921 1176 3004 construxerat,
1186 2923 1287 2990 &duo

254 3012 340 3074 milia
358 3011 586 3075 condudtorum
605 3009 739 3074 rnilitum
759 3013 794 3075 ad
810 3012 1003 3075 resistendum
1021 3013 1189 3078 christianis
1204 3012 1288 3077 loca-

254 3116 347 3164 verat.

288 3191 374 3262 Reges
387 3193 502 3262 Ungarie
516 3193 540 3246 δι
554 3191 633 3264 Cypri
646 3221 681 3231 -
693 3191 822 3262 Tripolim
835 3191 939 3262 profesti
952 3193 1017 3258 sunt,
1027 3180 1100 3246 licet
1110 3180 1206 3245 multa
1216 3181 1286 3266 sup-

256 3269 380 3352 plicatio
395 3270 564 3353 patriarche
579 3268 609 3331 &
625 3268 756 3332 aliorum
776 3270 839 3353 regi
863 3270 998 3354 Ungarie
1012 3269 1091 3332 faita
1105 3271 1286 3354 processerit.

162 3394 183 3440 p.
195 3391 241 3439 ²44
297 3359 389 3422 Anno
412 3358 543 3422 Domini
570 3358 655 3436 1218,
668 3357 784 3422 navalis
799 3359 961 3438 exercitus,
979 3360 1030 3441 qui
1044 3359 1125 3441 apud
1142 3358 1285 3424 Ulixibo-
1301 3369 1359 3417 1218

254 3467 325 3508 narn
347 3446 550 3530 hyemaverat,
572 3445 668 3528 pridie
692 3446 752 3508 kal.
767 3446 869 3528 aprilis
883 3468 966 3510 mare
987 3446 1135 3523 ascendit,
1156 3448 1286 3532 contigit
1298 3461 1366 3510 thre
1378 3476 1404 3524 ³1

254 3550 366 3613 autern,
388 3535 471 3619 quod
492 3556 599 3599 comes
621 3533 659 3598 de
671 3533 777 3596 Wede
795 3555 867 3597 cum
882 3535 986 3618 paucis
998 3535 1126 3599 navibus
1142 3534 1180 3598 de
1192 3536 1286 3600 nodie

255 3623 379 3687 intraret
401 3640 526 3706 portum
548 3623 702 3707 quendam
724 3622 962 3686 sarracenorum
978 3624 1008 3688 in
1023 3623 1136 3702 Kadie,
1159 3625 1211 3688 ubi
1226 3625 1286 3690 due

253 3733 345 3774 naves
356 3712 387 3773 in
403 3709 482 3775 ficco
494 3710 678 3788 manserunt,
693 3709 779 3773 salvis
791 3727 893 3773 tamen
908 3711 1043 3795 personis
1054 3711 1084 3774 &
1095 3711 1186 3776 rebus
1196 3713 1227 3775 in
1242 3713 1286 3776 eis

253 3798 458 3863 existentibus.
484 3799 587 3863 Nonis
611 3798 713 3882 aprilis
734 3796 914 3862 transierunt
933 3821 1016 3862 mare
1029 3799 1177 3881 stridiunr,
1201 3801 1284 3884 quod
1298 3811 1379 3873 ΑΜ

253 3888 363 3950 dividit
377 3881 533 3970 Europam
557 3887 594 3949 ab
610 3887 727 3950 Affrica
749 3886 779 3949 &
801 3885 843 3949 est
862 3886 958 3952 latum
981 3889 1039 3951 tria
1062 3889 1126 3952 sere
1146 3887 1286 3955 miliaria.

254 3975 352 4063 Quod
375 3998 447 4039 curn
472 3973 647 4054 transissent,
670 3992 871 4040 occurrerunt
891 3979 935 4040 eis
956 3980 1015 4040 due
1036 3999 1129 4042 naves
1147 3978 1284 4043 Sarrace-

253 4085 374 4144 norum,
396 4086 529 4148 quarum
554 4064 648 4146 spolia
672 4064 771 4127 ablata
795 4064 872 4143 sunt,
895 4081 986 4128 naute
1008 4067 1169 4145 intersedii,
1191 4089 1285 4132 naves

253 4153 364 4216 exuste.
380 4151 479 4218 Pridie
502 4154 571 4218 idus
591 4153 704 4238 aprilis,
728 4154 842 4218 scilicet
862 4155 893 4218 in
908 4175 984 4218 cena
999 4155 1142 4235 Domini,
1162 4155 1395 4232 ortaestnpr.12

253 4243 387 4304 maxima
401 4242 571 4326 tempestas,
585 4241 719 4306 &naves
733 4242 867 4327 separate
880 4243 947 4308 sunt
960 4243 1152 4324 abinvicem,
1166 4243 1283 4328 &que-

254 4329 324 4394 dam
344 4353 382 4394 ex
403 4333 447 4396 eis
461 4331 590 4396 batellos
612 4331 679 4396 suos
699 4333 730 4394 vi
745 4331 929 4414 tempestatis
950 4332 1156 4414 perdiderunt.
1177 4332 1352 4410 Nonam.
1367 4359 1392 4407 ις
