3716 5628
432 513 527 604 181.
562 511 750 608 Marinus
773 510 963 622 Sanunu,
974 507 1134 636 senior.
1203 541 1287 636 255

264 781 395 850 parvulum
408 781 486 834 filium
503 782 650 848 Henricum,
661 800 753 837 novem
775 781 903 848 mensum,
923 783 1022 834 &duas
1043 781 1122 850 silias,-
1143 800 1193 834 una
1212 779 1293 851 nupfit

264 862 389 914 Gualtero
413 863 500 915 comiti
527 864 652 928 Brenensr,
676 864 753 916 altera
780 862 909 928 Ysabella,
929 863 980 915 silio
1002 862 1118 933 principis
1142 861 1290 916 Antiochie.

41 942 124 988 vine.
137 942 235 1002 uerior,
264 943 423 996 Mecxnt.
436 944 466 995 A
475 943 606 996 Coradino
618 942 750 997 Ierusalem
765 943 873 1013 capitur,
885 942 950 994 muri
962 944 985 995 a
998 943 1083 995 omnia
1096 942 1293 1010 prohemuntur,
1307 953 1365 1000 ¹²¹9

12 1015 96 1078 s¹¹i⁵⁷⁰
111 1031 133 1076 t·
148 1027 249 1076 ΝΜΟ]
262 1034 370 1092 excepto
382 1023 478 1093 templo
492 1023 596 1076 Domini
609 1026 632 1076 bc
646 1023 707 1076 turri
719 1023 811 1077 David.
831 1026 871 1077 De
884 1023 1014 1092 sepulchro
1026 1023 1131 1076 Domini
1144 1021 1292 1075 destruendo

263 1103 379 1156 Saraceni
396 1103 525 1157 confilium
543 1104 692 1166 babuerunt,
714 1102 840 1156 &litteris
860 1102 1009 1156 comminati
1029 1104 1094 1168 sunt,
1114 1121 1177 1172 quas
1196 1102 1292 1154 civibus

262 1184 383 1238 Damiate
396 1185 427 1236 ad
440 1183 556 1236 solatium
569 1200 656 1236 eorum
671 1182 855 1236 transmiserunt
861 1208 873 1254 ,-
896 1199 971 1235 nemo
984 1193 1068 1235 tamen
1081 1201 1174 1252 ponere
1189 1199 1291 1235 manum

262 1263 415 1334 presumpsit,
436 1277 537 1333 propter
558 1262 720 1315 reverentiam
738 1260 795 1315 loci.
820 1261 932 1316 Unde&
949 1261 974 1314 in
988 1262 1121 1315 Aicorano
1142 1261 1292 1326 continetur,

262 1345 331 1413 quod
345 1345 459 1409 credunt,
480 1343 561 1396 Iesum
576 1343 701 1398 Christum
720 1343 753 1394 de
773 1343 859 1394 Maria
873 1343 978 1411 Virgine
991 1354 1141 1412 conceptum
1155 1344 1179 1394 δι
1192 1354 1289 1402 uatum,

208 1461 212 1466 -
262 1424 411 1494 prophetam
422 1426 444 1477 u
456 1426 510 1494 plue
520 1440 596 1493 quam
607 1423 766 1493 prophetam,
779 1422 826 1474 fine
842 1433 947 1490 peccatu
958 1421 1051 1487 rixiffe,
1064 1439 1137 1475 cecos
1146 1419 1293 1474 illuminasse

261 1505 370 1573 leprosos
384 1502 524 1566 mundasse,
536 1515 649 1555 mortuos
663 1501 793 1570 suscitasse,
807 1503 920 1554 Verbum
935 1503 1087 1572 &Spiritum
1101 1502 1161 1568 Dei,
1172 1503 1195 1554 St
1207 1500 1291 1554 rivum

261 1584 294 1635 ad
311 1585 378 1636 celos
401 1583 544 1636 ascendisse.
566 1583 676 1635 Unde&
690 1583 812 1651 sapientes
825 1599 922 1652 eorum,
935 1581 1038 1651 quando
1049 1593 1164 1651 tempore
1173 1593 1292 1650 treugua-

262 1682 316 1716 rum
332 1665 470 1716 ascendunt
489 1663 513 1716 in
533 1662 676 1724 Ierusalem,
700 1663 814 1714 codicem
834 1662 1031 1731 Evangeliorum
1054 1661 1097 1713 fibi
1115 1663 1240 1731 pullulant
1252 1679 1294 1712 ex-

262 1742 350 1809 hiberi,
371 1743 547 1795 &osculantes
559 1753 718 1806 venerantur,
736 1755 838 1812 propter
851 1741 1019 1812 Evangelium
1040 1741 1117 1796 illude
1139 1762 1149 1788 ι
1164 1741 1250 1808 Mssus
1264 1741 1296 1809 est

263 1821 369 1876 Gabriel
379 1821 481 1892 angelus
493 1823 541 1875 Sec.
555 1823 633 1892 (Luc.
648 1823 669 1888 1,
681 1821 738 1890 26.)

686 1995 768 2059 Cat.
784 1990 873 2057 VIII.

263 2138 388 2200 Continet
401 2137 539 2200 Damiute
552 2137 702 2220 captionem
717 2136 881 2218 celeremque
901 2135 1212 2240 lfflpfflljdsl
1224 2136 1315 2233 ἐπὶ

632 2225 746 2286 invitia
761 2226 795 2286 tr
806 2239 931 2309 peccata.

624 2311 948 2352 W

299 2385 404 2439 Accidit
423 2397 507 2438 autem
528 2385 619 2454 hyeme
637 2401 682 2452 per
703 2401 747 2436 ora
768 2401 889 2453 cruraque
907 2383 992 2453 populi
1013 2383 1125 2454 pestilens
1144 2387 1256 2450 morbus,
1269 2386 1294 2438 in

264 2478 363 2518 tantum
381 2465 482 2530 seviens,
495 2477 522 2516 ut
533 2463 605 2516 multi
618 2465 735 2534 perirent,
747 2464 855 2533 indeque
867 2465 898 2516 ad
911 2464 1030 2516 Damiate
1041 2464 1134 2516 incolas
1148 2464 1292 2534 pertransiit

263 2546 351 2598 Studet
368 2545 472 2614 proinde
493 2545 615 2596 Soldanus
627 2543 767 2596 succurrere
780 2543 894 2611 civitati;
910 2545 934 2595 Sc
949 2543 1146 2612 primoquidem
1164 2545 1237 2597 nodie
1250 2563 1294 2614 per

263 2625 367 2678 fluvium
383 2625 564 2677 transmittebat
578 2623 691 2676 reselular
703 2624 769 2678 leves
782 2624 900 2678 consutas
922 2625 947 2676 in
964 2624 1037 2676 coriis
1054 2626 1078 2677 St
1100 2625 1201 2692 ceratia3
1220 2624 1294 2676 chris·

264 2703 326 2756 tiani
340 2704 388 2756 hoc
403 2704 569 2770 advertentes,
592 2703 661 2756 sunea
675 2721 720 2772 per
733 2703 896 2755 transversum
910 2703 1019 2756 fluminis
1032 2705 1176 2773 posuerunt,
1194 2703 1295 2756 tintina-

265 2785 326 2837 bula
338 2795 510 2854 apponentes,
524 2800 580 2835 cum
595 2801 654 2835 vero
673 2783 782 2852 predicta
800 2783 993 2849 descendebant,
1006 2781 1166 2852 rapiebantur
1183 2801 1198 2835 a
1220 2783 1295 2835 chris·
1360 2807 1365 2814 ·

262 2864 338 2916 tianis
356 2864 381 2916 in
398 2861 534 2933 preparatio
551 2862 678 2915 naviculis.
703 2863 819 2915 Secundo
842 2861 975 2928 soldanus,
995 2864 1099 2917 abiectis
1123 2880 1244 2932 equorum
1267 2865 1291 2915 ἃ

264 2945 419 2996 camelorum
434 2943 576 3008 visceribus,
589 2942 676 3011 pannis
692 2942 875 2995 circumvoluta
894 2942 987 2996 cibaria
1010 2943 1169 3013 imponebat;
1190 2945 1214 2996 δι
1236 2961 1294 2995 cum

264 3023 351 3076 ceteris
367 3023 531 3078 cadaveribus
543 3039 586 3091 per
597 3022 700 3074 fluvium
715 3023 785 3075 abire
797 3023 906 3076 sinebatr
921 3022 1038 3092 quivero
1052 3023 1077 3076 in
1089 3023 1210 3076 Damiata
1224 3035 1295 3076 erant

264 3104 370 3156 fictionis
394 3120 444 3154 non
464 3101 553 3171 ignari,
570 3101 744 3155 descendentia
763 3103 887 3156 cadavera
904 3102 936 3154 ad
960 3103 983 3155 se
1001 3103 1140 3156 trahebant.
1159 3103 1188 3155 Id
1209 3114 1294 3156 autem

264 3183 386 3236 christiani
399 3182 556 3235 advertentes
575 3179 661 3233 omnia
676 3181 870 3249 perscrutantur.
884 3182 977 3235 Tertio
991 3183 1062 3253 eligit
1079 3195 1202 3236 trecentos
1218 3183 1294 3253 agiles

265 3265 411 3328 Saracenos,
423 3262 466 3332 qui
477 3261 550 3314 noble
560 3277 603 3330 per
614 3261 693 3312 casira
706 3260 893 3313 christianorum
906 3279 983 3330 panes
995 3263 1019 3314 δι
1033 3263 1099 3315 levia
1111 3262 1204 3315 cibaria
1217 3263 1295 3314 trans·

264 3353 404 3412 portarent:
417 3343 441 3393 Se
455 3339 510 3393 solis
524 3352 633 3408 quatuor
646 3340 828 3392 transeuntibus
842 3341 920 3393 ceteri
940 3340 1008 3393 suere
1022 3342 1114 3396 mortui
1136 3342 1174 3395 vei
1191 3341 1292 3411 captivi.

265 3425 305 3475 Ex
318 3435 378 3475 tunc
391 3421 513 3474 christiani
526 3420 642 3472 machina
661 3419 781 3472 continue
797 3420 828 3471 ad
848 3435 967 3488 magnam
989 3421 1077 3474 turrim
1100 3421 1187 3491 anguli
1203 3439 1294 3491 percu·

265 3502 362 3568 tientes,
384 3501 419 3553 ita
431 3501 540 3552 laxatam
554 3501 642 3552 turrim
658 3500 814 3569 aspexerunt,
836 3510 864 3550 ut
885 3498 974 3568 aliquia
994 3500 1053 3552 inde
1075 3499 1155 3570 posset
1176 3501 1294 3553 transiret

264 3599 311 3634 nec
324 3599 367 3650 per
380 3580 524 3632 intrinsecos
538 3579 728 3631 succurrebatur
738 3577 762 3630 in
775 3577 869 3646 aliquo.
887 3578 991 3630 Accidit
1005 3596 1107 3648 quoque
1116 3581 1177 3646 sero,
1189 3581 1296 3649 tempes-

265 3661 364 3714 tuosum
379 3673 482 3729 tempus
491 3676 521 3712 ac
531 3658 689 3711 tenebrosum
699 3658 787 3725 valde,
799 3671 858 3709 tunc
872 3657 974 3727 quidam
988 3658 1177 3712 christianorum
1195 3672 1295 3729 paratas

265 3740 342 3794 scalas
353 3739 384 3792 ad
401 3739 482 3793 menia
496 3738 596 3807 erigunt
610 3738 727 3804 civitatis,
742 3738 795 3808 poll
809 3736 856 3790 hec
868 3737 956 3789 turrim
976 3739 1149 3791 ascendunt&
1170 3737 1294 3791 neminem

265 3820 400 3889 reperiunt,
411 3820 435 3871 u
448 3819 581 3871 redeuntes
593 3818 640 3870 hec
660 3816 712 3886 regi
737 3817 896 3869 annunciant.
908 3819 965 3872 Rex
978 3834 1037 3870 vero
1055 3818 1140 3896 iegato
1152 3819 1176 3870 St
1190 3818 1295 3898 cpncjlio

266 3901 350 3976 refert,
362 3900 432 3969 quod
446 3897 516 3969 possit
528 3899 561 3950 ad
575 3897 672 3950 libitum
693 3913 781 3966 capere
792 3895 947 3964 ‚civitatem3
970 3897 1057 3950 relatio
1078 3895 1175 3950 cunilis'
1185 3893 1296 3967 placuit,

265 3979 418 4030 &iubentur
432 3993 519 4030 omnes
542 3993 611 4028 arma
629 3992 727 4045 capere,
748 3987 860 4044 tempore
882 3988 1033 4044 opportuno.
1055 3977 1112 4028 Rex
1125 3975 1201 4044 igitur
1222 3975 1295 4028 nodie

265 4057 409 4110 transmittit
433 4057 522 4109 milites
543 4058 568 4107 lic
596 4066 715 4121 armatos,
734 4055 778 4124 qui
802 4055 888 4106 turrim
916 4055 1004 4124 possint
1029 4055 1130 4124 egregie
1156 4055 1291 4107 defensare.

266 4137 425 4190 illucescente
437 4153 497 4189 vero
509 4135 558 4200 die,
571 4137 655 4189 eteilo
667 4135 757 4188 vexillo
771 4133 836 4204 tegis
857 4135 988 4188 Ierusalem
1006 4135 1077 4205 super
1097 4135 1193 4200 turrim,
1212 4136 1294 4188 accla-

267 4228 398 4270 maverunt
409 4216 452 4286 qui
462 4216 562 4269 deintus
574 4213 823 4284 erantimploraotea
832 4213 944 4267 divinum
954 4231 984 4268 ac
995 4215 1078 4269 Sancti
1087 4214 1213 4284 Sepulchri
1225 4213 1294 4266 auxi·

266 4297 334 4348 lium.
348 4297 426 4349 Tunc
437 4295 532 4349 clamor
551 4294 656 4349 invaluit
677 4294 702 4346 in
721 4294 830 4348 exercitu
851 4293 998 4362 christiano,
1012 4295 1036 4348 St
1052 4295 1085 4348 ad
1101 4294 1177 4348 scalae
1195 4293 1293 4364 plurimi
