3622 5620
562 543 646 634 340
953 507 1175 601 Adderzda.

486 785 543 828 1²¹7
559 765 634 846 «esi,
651 770 733 851 quod
755 789 834 852 papa
854 768 1001 831 morietur
1022 767 1209 830 &dominus
1228 782 1297 830 tuus
1311 767 1339 829 ei
1358 765 1584 830 substinent..

558 856 702 939 Cumque
717 858 754 919 de
775 857 836 920 hoc
857 856 942 918 nulla
954 855 1019 938 spes
1033 855 1196 918 baberetur
1220 855 1257 916 ab
1282 855 1346 938 ipso
1372 871 1424 918 aut
1447 855 1485 918 ab
1509 855 1587 934 aliis,

559 943 722 1025 respondit,
750 943 778 1006 se
802 944 862 1006 hoc
887 946 937 1006 vix
959 941 1041 1026 posse
1067 945 1200 1006 credere.
1224 942 1320 1004 Tunc
1341 943 1387 1004 vir
1411 940 1462 1004 ille
1485 941 1585 1004 rursus

559 1030 652 1093 dixit:
683 1031 802 1111 «Scias,
829 1032 890 1094 hoc
918 1033 960 1094 ita
981 1029 1038 1094 esse
1059 1052 1176 1111 verum,
1197 1030 1270 1094 sicut
1298 1051 1406 1092 verum
1425 1031 1478 1110 esl,
1501 1031 1584 1114 quod

560 1117 677 1180 «hodie
691 1120 797 1184 civitas
819 1118 1087 1183 Hierosolimitana
1101 1141 1119 1182 a
1132 1119 1303 1184 Sarracenis
1318 1117 1361 1181 est
1375 1137 1463 1202 capta
1476 1141 1533 1182 nec
1547 1119 1585 1181 ab

561 1205 650 1289 «ipsis
666 1209 777 1288 poterit
795 1207 912 1270 liberari
930 1209 1022 1291 usque
1043 1208 1079 1271 ad
1096 1224 1234 1291 tempora
1248 1207 1291 1269 tui
1313 1205 1506 1288 pontificatus
1518 1207 1585 1270 Ro·

562 1296 678 1374 rmani,
691 1295 721 1358 &
736 1311 809 1358 tunc
823 1296 1007 1360 liberabitur.
1025 1322 1037 1354 ι
1056 1297 1113 1360 His
1128 1297 1216 1360 diuis
1231 1295 1374 1378 disparuit
1387 1297 1433 1357 vir
1446 1295 1506 1358 ille.
1789 1363 1790 1382 p

600 1383 683 1448 Cum
697 1381 768 1446 esset
782 1406 914 1466 corpore
933 1382 1071 1448 infirmus
1086 1405 1124 1446 ex
1139 1383 1220 1446 senio
1236 1383 1265 1446 &
1289 1382 1369 1445 ultra
1390 1385 1517 1445 modurn
1531 1385 1585 1446 de·
1598 1422 1622 1467 p
1639 1419 1687 1465 3⁷9

560 1469 639 1545 bilis,
663 1471 839 1551 affirmabat,
860 1471 985 1534 firmiter
1007 1472 1034 1533 se
1060 1471 1194 1550 credere,
1219 1472 1374 1534 civitatem
1399 1471 1529 1534 sandlam
1552 1474 1584 1535 in

561 1559 645 1622 brevi
660 1557 718 1622 esse
740 1561 989 1641 recuperandam.
1005 1558 1082 1710 guo
1099 1581 1222 1623 rumore
1237 1559 1360 1643 plurimi
1375 1559 1585 1623 Romanorum

561 1648 683 1711 excitati
699 1667 789 1711 cruce
804 1646 870 1711 sunt
884 1645 998 1731 signati.
1036 1669 1103 1710 ama
1124 1670 1249 1732 quoque
1262 1649 1352 1711 buius
1374 1650 1506 1711 rumoris
1533 1669 1587 1731 per

562 1736 777 1799 Alamanniam
802 1737 956 1821 divulgata
977 1735 1089 1800 multos
1116 1739 1152 1800 ad
1173 1736 1349 1799 sumendam
1373 1758 1498 1800 crucem
1522 1737 1587 1799 ani-

562 1840 666 1888 mavit.

602 1911 812 1976 Predicatores
827 1933 950 1995 quoque
972 1913 1018 1975 bis
1032 1911 1220 1995 temporibus
1234 1910 1332 1973 multa
1350 1909 1409 1973 alia
1422 1908 1588 1975 asserebant

561 1997 719 2082 contigisse
734 1997 815 2083 signa
828 2001 859 2062 in
877 1998 945 2061 celo
960 2000 989 2062 dt
1004 2001 1034 2062 in
1051 2015 1138 2078 terra,
1149 2021 1209 2083 que
1224 1999 1351 2081 longum
1365 1995 1437 2062 esset
1460 2020 1588 2062 enume-

563 2109 628 2152 rare
642 2088 754 2152 &huic
770 2088 915 2150 brevitate
930 2088 1100 2150 annectere.

491 2205 549 2252 ,ηε
604 2179 698 2240 Anno
713 2175 842 2239 Domini
870 2175 1007 2239 1218...
1023 2221 1053 2238 ..
1078 2175 1120 2238 Et
1142 2177 1214 2259 quia
1239 2174 1413 2258 dispositum
1438 2177 1534 2240 suem
1557 2177 1589 2239 in

483 2295 524 2340 101,
539 2308 548 2340 ι
563 2265 697 2329 concilio
717 2265 862 2348 generali,
878 2281 913 2327 ut
932 2287 970 2327 eo
986 2286 1065 2327 anno
1080 2267 1111 2328 in
1128 2263 1259 2326 Kalend.
1274 2261 1343 2348 lulij
1370 2286 1461 2329 cruce
1485 2266 1590 2349 signati

564 2357 621 2419 iter
635 2355 812 2437 arriperent,
834 2355 921 2417 multi
943 2352 980 2415 de
1001 2354 1136 2436 partibus
1152 2353 1335 2416 Alamannie
1350 2353 1590 2436 proficiscuntur.

565 2441 620 2504 Ast
633 2464 671 2504 ne
692 2458 827 2526 pergant,
841 2444 872 2504 in
886 2442 1059 2505 civitatibus
1084 2440 1198 2524 Apulie
1213 2441 1431 2522 impediuntur,
1445 2442 1494 2505 sed
1517 2463 1591 2505 auc-

564 2530 685 2594 toritate
708 2531 782 2594 sedis
807 2530 971 2613 apostolice
992 2545 1098 2592 votum
1114 2550 1222 2592 eorum
1233 2527 1369 2591 differtur
1387 2530 1417 2593 δι
1432 2529 1590 2594 inutilibus

565 2620 729 2682 remittitur
744 2639 796 2700 per
810 2618 1100 2701 compensationem.

604 2871 665 2950 123
678 2857 734 2922 bis.
763 2857 848 2923 Liber
857 2855 1056 2944 firndnrionis
1073 2859 1194 2944 monast.
1212 2854 1387 2948 Zwetlenfis
1405 2867 1452 2932 (-
1470 2871 1556 2930 1111)·

693 3036 781 3100 [Fontes
795 3051 879 3087 rerum
891 3035 979 3103 Auser„
992 3033 1097 3102 Diplom.
1115 3035 1143 3085 sd
1152 3037 1223 3098 Ana,
1237 3036 1270 3099 11,
1283 3035 1371 3100 wien,
1388 3041 1416 3086 18
1421 3035 1472 3104 5r.]

1070 3165 1089 3207 lb

609 3305 658 3368 De
673 3319 771 3366 morte
786 3319 888 3366 autem
899 3301 1078 3365 diledlillimi
1091 3302 1257 3366 fundatoris
1273 3301 1365 3364 nostri
1384 3301 1500 3364 domini
1507 3301 1594 3366 Had-
1608 3339 1631 3384 p.
1644 3325 1674 3384 9⁶

567 3394 641 3456 mari
657 3392 779 3456 secundi
794 3392 831 3455 de
860 3391 1022 3473 Chunring
1036 3390 1163 3454 scribere
1184 3391 1323 3473 cogimur
1343 3391 1440 3470 inviti,
1459 3391 1511 3473 qui
1527 3391 1595 3474 post

568 3497 613 3546 tot
628 3482 657 3545 &
672 3497 754 3544 tanta
769 3479 915 3544 beneficia
936 3477 1118 3542 monasterio
1140 3479 1240 3542 nostro
1263 3477 1397 3562 impensa
1417 3480 1477 3542 hoc
1499 3481 1595 3543 modo

567 3570 701 3635 noscitur
725 3567 862 3654 migrasse
887 3570 924 3631 de
946 3570 1006 3631 boc
1028 3568 1138 3632 seculo.
1159 3566 1321 3652 Postquam
1336 3569 1478 3631 dominus
1499 3565 1595 3631 lnno-

568 3659 687 3722 centius
711 3679 789 3741 papa
813 3657 922 3720 tercius
949 3656 1090 3740 generale
1112 3654 1280 3719 concilium
1308 3657 1482 3736 celebravit,
1505 3677 1594 3720 com·

570 3768 662 3809 mune
677 3744 840 3829 passagium
864 3744 962 3807 versus
977 3742 1140 3807 Ierusalem
1162 3746 1192 3807 in
1209 3743 1368 3807 universali
1391 3743 1515 3808 ecclesia
1527 3745 1596 3811 fieri

570 3836 735 3914 mandavit,
751 3836 780 3896 in
795 3856 857 3918 quo
876 3833 1019 3897 mandato
1036 3836 1178 3898 fundator
1192 3836 1292 3898 noster
1310 3833 1493 3898 fideliffimus
1508 3834 1596 3897 Had-

498 3951 556 3994 1217
571 3945 671 3988 matus
686 3923 831 3988 secundus
853 3945 945 3987 cruce
966 3923 1095 4007 signatus
1110 3925 1160 3987 est.
1182 3926 1265 3990 Cum
1287 3942 1389 3988 autem
1414 3928 1470 3988 iter
1493 3924 1596 3988 versus

570 4011 731 4078 lerusalem
746 4015 776 4075 in
792 4012 1001 4076 transmarinas
1017 4029 1116 4095 partes
1137 4015 1271 4097 arripere
1286 4012 1388 4092 vellet,
1406 4015 1500 4076 fertur
1511 4015 1594 4095 quod

570 4102 739 4186 capitulum
753 4104 973 4165 monachorum
985 4103 1016 4164 in
1029 4102 1149 4165 Zwetel
1164 4124 1181 4167 a
1195 4103 1334 4165 fratribus
1349 4102 1379 4165 &
1393 4101 1551 4166 monachis
1565 4102 1597 4166 dt

571 4192 678 4255 abbate
698 4190 851 4254 licentiam
871 4206 1049 4273 recepturus
1071 4191 1203 4271 intravit,
1222 4190 1356 4288 duosque
1375 4187 1454 4254 lilios
1469 4189 1535 4254 suos
1549 4190 1595 4254 se-

571 4281 684 4360 niores,
697 4279 839 4344 videlicet
846 4281 1066 4344 Haimicum&
1078 4279 1279 4361 Hadmarum,
1287 4282 1319 4342 in
1330 4281 1413 4344 idem
1427 4278 1596 4362 capitulum
