3726 5628
429 511 502 634 96.
531 511 735 604 Chronico
757 512 876 644 regio
905 509 1173 642 Colonienfir.
1233 541 1315 634 147

193 792 215 837 p.
227 787 269 838 ¹95
323 764 360 830 In
371 767 480 830 martio
495 768 525 832 δι
539 768 571 832 in
590 768 671 830 maio
691 768 850 832 innumera
871 767 1037 831 multitudo
1051 765 1248 852 signatorum,
1262 770 1311 856 alij
1328 795 1387 842 1217

284 879 338 940 per
353 871 455 934 terras,
476 855 525 940 alij
549 857 683 938 navigio,
704 854 805 920 versus
819 853 1029 920 lerosolimam
1048 859 1106 921 iter
1120 859 1223 941 agressi
1238 859 1313 923 sunt.

200 971 208 988 ·
322 943 359 1008 ln
374 945 531 1008 nativitate
541 943 640 1007 sanste
652 944 756 1010 Marie
770 944 895 1027 quidam
909 945 1094 1028 signatorum
1105 968 1177 1010 cum
1187 965 1312 1013 centum
1325 969 1386 1031 Sept
1401 969 1413 1016 u

282 1035 504 1119 quinquaginta
525 1035 654 1098 navibus
676 1035 706 1096 in
728 1051 839 1097 terram
858 1035 938 1116 regis
960 1031 1313 1120 Portbegalenfisappli-

282 1141 387 1186 cantes
401 1123 438 1186 ad
457 1125 613 1186 civitatem
627 1123 783 1207 quondam
803 1121 1030 1185 munitissimam
1044 1122 1165 1186 Alkhar
1180 1124 1313 1190 devene-

282 1227 363 1291 runt,
384 1235 444 1295 que
458 1213 626 1276 chrislianis
648 1211 746 1275 multo
761 1227 900 1294 tempore
914 1212 1044 1274 nimium
1060 1211 1175 1292 infesta,
1190 1217 1313 1297 paganis

282 1301 413 1362 maxime
429 1299 556 1382 presidio
571 1299 636 1362 suit.
653 1297 762 1386 Quam
780 1297 903 1378 fossatis,
918 1298 1068 1364 machinis
1083 1299 1207 1384 aliisque
1222 1303 1313 1365 innu-

282 1387 477 1452 merabilibus
496 1408 651 1451 armorum
667 1386 871 1450 instrumentis
885 1386 1151 1452 circumvallantes
1165 1409 1201 1452 ac
1215 1391 1312 1453 nimio

281 1493 393 1539 conatu
420 1497 473 1558 per
491 1478 555 1540 dies
580 1477 729 1558 plurimos
753 1477 978 1557 impugnantes,
1003 1477 1125 1538 tandem
1147 1476 1313 1542 auxilio&

281 1562 407 1629 consilio
422 1565 555 1647 episcopi
569 1562 796 1628 Ulixibonensrs
811 1564 961 1627 &eorum
976 1563 1119 1643 militum,
1134 1566 1187 1649 qui
1202 1565 1312 1630 dicun-

282 1671 331 1718 tur
351 1653 389 1715 de
411 1652 539 1732 Gladio,
565 1654 595 1716 in
620 1653 694 1716 sesto
717 1650 924 1736 apostolorum
944 1652 1086 1736 Symonis
1101 1652 1131 1717 ἃ
1145 1651 1221 1718 lude
1243 1676 1311 1718 eam
1325 1673 1408 1720 ottob.
1421 1671 1450 1719 ιε

280 1759 438 1823 ceperunt.
464 1741 561 1810 Multi
583 1742 624 1804 ibi
646 1763 684 1804 ex
705 1740 874 1805 christianis
895 1740 937 1804 set
951 1739 1050 1804 multo
1074 1742 1162 1825 plura
1176 1741 1260 1808 milia
1274 1766 1311 1807 ex

282 1853 301 1914 p
341 1831 405 1892 anis
419 1832 609 1894 ceciderunt.

350 1919 442 1980 odem
463 1941 545 1982 anno
569 1919 733 1996 christiani,
757 1920 809 2001 qui
835 1918 926 1982 Acris
952 1918 1161 1997 morabantur,
1184 1917 1310 1982 consilio

281 2005 514 2087 templariorum
529 2006 559 2071 ἃ
573 2027 691 2086 eorum,
712 2007 764 2090 qui
780 2021 865 2068 erant
885 2007 923 2067 de
939 2005 1033 2068 domo
1049 2006 1149 2070 Sandli
1164 2003 1311 2073 Iohannis

281 2091 425 2176 Baptiste,
445 2116 518 2158 cum
532 2094 729 2159 multitudine
753 2097 878 2158 navium
892 2096 992 2158 verlirs
1006 2096 1163 2158 civitatem
1183 2095 1311 2158 firmiffi-

280 2203 363 2244 mam
386 2180 574 2264 Damiatam,
597 2185 649 2248 ubi
671 2182 765 2248 Nilus
787 2186 863 2246 mari
882 2183 992 2262 insluit,
1020 2182 1107 2267 super
1128 2184 1199 2248 litus
1221 2187 1310 2250 maris

280 2267 376 2350 stum,
403 2293 420 2334 a
443 2271 607 2355 plicantes,
643 2273 751 2336 turrim
779 2271 936 2356 quondam
964 2295 1002 2336 ex
1029 2272 1151 2335 adverso
1180 2273 1310 2356 politum
1326 2297 1382 2343 ms

281 2359 398 2439 magnis
419 2295 587 2443 dimpubus
612 2362 790 2444 ingentique
811 2359 914 2422 labore
938 2382 973 2422 ac
989 2360 1126 2444 periculo
1141 2361 1311 2425 multorum

281 2445 492 2528 inpugnantes,
506 2449 630 2512 tandem
651 2450 791 2512 vicerunt
805 2448 844 2526 δι,
868 2469 907 2510 ne
922 2449 999 2512 ultra
1012 2449 1165 2513 christiani
1181 2451 1311 2533 impedi-

279 2550 385 2598 mento
400 2537 488 2616 foret,
504 2555 626 2620 captam
641 2538 705 2600 solo
720 2555 808 2600 tenus
825 2537 1022 2614 deiecerunt;
1036 2534 1138 2620 sicque
1152 2539 1218 2621 post
1233 2555 1312 2600 tem-

279 2644 336 2705 pus
357 2625 475 2709 aliquot
498 2625 609 2689 Nilum
631 2626 759 2689 fluvium
780 2625 976 2705 transeuntes,
1001 2627 1031 2690 in
1046 2647 1138 2688 manu
1160 2627 1310 2690 valida&

279 2715 417 2776 exercitu
438 2715 564 2797 copioso
582 2714 676 2799 ipsam
691 2717 847 2780 civitatem
863 2713 1041 2778 Damiatam
1057 2711 1229 2778 obsidentes
1242 2737 1310 2778 mu-

280 2801 449 2866 nitionibus
463 2802 742 2867 circumdederunt.

190 2923 211 2968 p.
226 2907 268 2966 ¹9⁶
323 2889 440 2954 Civitas
456 2888 602 2954 Damiata
624 2892 685 2954 iam
700 2892 824 2954 biennio
839 2912 857 2954 a
870 2893 1039 2956 christianis
1060 2892 1172 2956 obsessa
1186 2893 1267 2956 same
1281 2891 1310 2953 δι
1325 2927 1383 2975 1219

282 2975 327 3040 srti
342 2980 489 3063 omnique
504 3001 616 3063 genere
632 2978 783 3044 bellorum
798 2980 1029 3046 intolerabiliter
1044 2983 1216 3046 excruciata
1229 2982 1311 3044 circa
1324 3001 1384 3046 uov.
1400 3014 1408 3046 ι

281 3065 388 3128 lesbum
403 3068 558 3132 Omnium
571 3068 752 3132 Sandlorum
766 3085 855 3152 capta
871 3069 921 3132 est.

279 3307 339 3408 96.
363 3312 519 3381 Cbronr'cae
534 3315 628 3406 regia
645 3313 829 3408 Colonienfis
846 3317 1032 3383 continuatio
1049 3318 1139 3382 tertia
1162 3324 1309 3394 (-1219).

536 3496 596 3562 [Ed.
611 3497 645 3549 G.
658 3493 755 3560 Waltz,
769 3499 884 3561 Hauon,
901 3501 975 3560 1880,
988 3495 1059 3564 ἰπὶ-8.]

786 3639 806 3680 *

188 3811 210 3856 ρ.
221 3793 266 3855 238
281 3778 472 3864 :ssAndreas
494 3799 546 3840 rex
566 3777 712 3862 Ungarie,
731 3777 904 3860 Lupoldus,
924 3779 985 3840 dux
1003 3779 1135 3858 Austrie,
1149 3801 1219 3842 curn
1231 3779 1308 3862 epis-
1324 3819 1383 3866 ,217

281 3869 411 3952 copis&
433 3866 643 3930 comitibus&
664 3866 787 3950 copiosa
808 3866 1005 3931 multitudine
1024 3863 1210 3950 signatorum
1225 3890 1309 3932 mare

281 3956 441 4020 uniscunt.

465 4083 568 4147 [Remfio
575 4085 645 4147 prior,
656 4097 679 4130 ur
688 4083 783 4143 viderur,
794 4083 867 4131 ecdicii
881 4085 949 4130 Varie.
962 4085 990 4130 R.
1002 4085 1052 4132 Chr.
1065 4085 1127 4147 52¹l

321 4199 472 4277 Andreas,
485 4219 538 4260 rex
552 4197 699 4284 Ungarie,
718 4197 891 4283 Lupoldus,
906 4199 967 4262 dux
989 4199 1119 4280 Austrie,
1143 4199 1309 4264 Bavinber-

281 4284 377 4370 gensis
401 4285 560 4371 episcopus
584 4309 656 4350 cum
680 4287 767 4351 fratre
793 4285 844 4350 suo
869 4288 948 4350 duce
973 4285 1115 4351 Meranie
1136 4287 1166 4352 δι
1186 4287 1310 4372 copiosa
