3656 5648
420 575 494 665 73.
532 543 767 633 Vincentius
790 538 1105 670 Bellonoctnfis.
1197 575 1277 660 107

251 795 387 865 lapidibueu
404 815 414 843 e
428 799 499 856 Quot
512 794 677 848 absconderat
688 794 733 845 siib
743 810 816 845 muro
825 791 938 846 latericio
950 813 960 842 r
973 793 1107 858 (silerem,
1117 807 1195 858 xciii,
1205 811 1228 858 7,
1240 794 1278 860 9).
1295 821 1353 868 1219

251 876 356 945 Egyptij
368 893 427 928 vero
444 876 628 928 honoraverunt
643 874 807 942 Prophetam,
826 872 970 942 sepelientes
990 891 1047 925 euin
1068 873 1137 926 iuxta
1156 873 1279 926 tumulum

252 973 350 1024 regum,
359 973 484 1007 memores
495 954 739 1022 beneficiorumque
749 953 885 1023 prestiterat
898 956 1015 1024 Egyptoe
1028 952 1142 1005 oratione
1158 953 1223 1005 enim
1238 954 1280 1006 sua

252 1035 384 1104 higarerat
399 1033 486 1086 bestiae
502 1051 634 1103 aquarum,
645 1051 708 1104 quar
721 1032 860 1084 crocodilos
874 1032 1008 1101 appellant.
1035 1032 1181 1084 Alexander
1196 1047 1280 1085 autem

254 1114 367 1166 Macedo
388 1114 488 1168 veniens
508 1115 541 1165 ad
564 1113 718 1180 sepulchrum
736 1113 865 1182 prophete,
887 1112 1042 1180 cognoscens
1060 1111 1202 1180 mysterium
1223 1111 1281 1178 loci,

253 1193 375 1245 translulit
397 1193 421 1246 in
440 1193 634 1258 Alexandriam,
655 1192 817 1262 sepelivitque
834 1209 891 1243 eum
912 1191 1025 1260 gloriose.
1046 1191 1194 1243 Crocodiloa
1214 1193 1281 1261 apud

252 1274 401 1326 Damiatam
419 1274 567 1337 invenimur,
580 1275 603 1326 u
615 1271 793 1324 interfecimus.
815 1271 859 1326 Est
876 1285 961 1323 autem
979 1270 1054 1322 beslia
1066 1270 1181 1336 crudelis,
1201 1271 1282 1324 bomi-

252 1370 309 1404 nem
331 1355 354 1404 δι
376 1354 487 1406 iumenta
512 1353 634 1405 devorans
656 1352 749 1420 apertis
771 1351 857 1416 oculis,
891 1350 942 1403 solo
962 1350 1013 1402 risu
1035 1349 1141 1403 fovebat
1160 1368 1210 1402 ova
1231 1352 1281 1404 sua.

252 1433 349 1484 Exclusi
370 1433 429 1502 pulli
444 1433 523 1485 slatim
536 1431 636 1502 fugiunt
651 1444 779 1501 parentem
793 1432 862 1483 suum
877 1443 997 1499 tanquam
1020 1429 1124 1494 hostem,
1144 1447 1208 1499 quor
1220 1431 1280 1483 dum

252 1509 343 1581 capere
365 1513 453 1581 potesl,
480 1513 560 1565 statim
575 1512 650 1582 glutit
666 1512 689 1563 dt
704 1511 817 1564 devorat.
831 1511 931 1563 Etcum
946 1523 1028 1562 cetera
1049 1510 1165 1562 animalia
1188 1512 1280 1563 niolam

253 1590 393 1644 inferiorern
414 1605 540 1657 moveant,
562 1592 621 1644 illud
641 1603 743 1643 econtra
764 1591 913 1660 superiorem
936 1601 1029 1642 moret.
1051 1590 1132 1641 Dislat
1152 1590 1281 1643 Thanisa

254 1672 373 1724 Damiata
391 1671 477 1725 itinere
491 1672 562 1724 unius
576 1672 626 1723 diei
639 1689 682 1741 per
696 1687 764 1722 mare
776 1670 861 1723 versus
872 1684 964 1722 terram
980 1669 1155 1739 promissionis,
1170 1682 1197 1722 ut
1209 1671 1281 1723 s'acile

254 1751 283 1802 fit
303 1751 336 1803 de
355 1753 432 1804 Acon
447 1753 484 1804 vel
502 1752 622 1805 Damiata
640 1769 684 1820 per
704 1753 807 1802 mare&
830 1761 932 1814 terram,
953 1751 992 1802 rel
1014 1748 1127 1810 fluvium,
1150 1750 1280 1819 presidium

254 1831 348 1884 ibidem
370 1849 464 1902 ponere
486 1832 523 1883 rel
543 1832 658 1883 vidlualia
681 1831 856 1883 transmittere.
883 1833 983 1884 Damna
1009 1831 1086 1882 inulta
1102 1829 1184 1881 intulit
1206 1830 1281 1882 chris-

255 1910 328 1962 tiania
340 1910 364 1962 iri
377 1911 505 1964 obsidione
518 1910 646 1975 Damiate,
658 1911 761 1978 quando
777 1927 852 1960 narei
865 1909 897 1962 ad
912 1927 957 1961 nor
970 1911 1118 1962 accedentes
1130 1911 1168 1962 vel
1181 1927 1196 1961 a
1210 1909 1281 1962 nobis

255 1991 407 2056 recedentes,
421 1990 444 2042 vi
458 2003 590 2042 ventorum
606 1990 690 2042 delate
704 1988 758 2040 sunt
772 1989 837 2042 illuc.
860 1991 927 2041 Nam
942 2001 1001 2040 ante
1013 1989 1113 2040 Thanie
1126 1989 1194 2042 littus
1208 1989 1281 2040 uraris

255 2070 422 2122 arenosum&
436 2069 616 2138 importuosum
640 2067 717 2120 finum
737 2068 796 2120 facit
815 2069 926 2138 amplum
945 2069 968 2120 u
987 2069 1075 2130 latum,
1095 2069 1120 2120 in
1138 2086 1190 2137 quo
1207 2087 1282 2122 naret

255 2149 373 2203 deuolute
385 2148 434 2202 line
447 2160 523 2201 vento
537 2149 643 2200 multum
656 2148 691 2200 eie
704 2161 848 2217 opportuno
862 2147 977 2200 recedere
990 2165 1041 2200 non
1053 2148 1145 2200 valent.

304 2327 352 2392 92.
375 2311 423 2373 De
437 2311 507 2374 libro
522 2324 635 2396 recepto,
650 2313 679 2373 iii
694 2333 745 2392 qiio
755 2309 882 2393 predi'da
895 2311 934 2393 est
945 2309 1084 2372 Daminte
1098 2311 1230 2394 vesturii,

643 2411 677 2470 δ’
691 2408 808 2488 quedam
823 2407 892 2470 alin.

58 2572 225 2631 Pseudo-122,
290 2560 362 2612 Ante
380 2559 522 2629 captionem
535 2561 655 2614 Damiate
671 2559 734 2613 liber
746 2559 819 2612 nobis
831 2560 946 2629 apparuit
958 2560 1059 2612 arabice
1076 2559 1188 2626 scriptur,
1209 2557 1280 2610 cuius

27 2635 89 2697 ΠΨ·
101 2636 185 2692 ”mr
195 2634 240 2692 ΠΙ,
255 2641 344 2692 aanor
357 2639 380 2692 se
393 2641 494 2692 iudeum
504 2641 542 2693 rel
553 2640 711 2692 christianum
724 2641 763 2692 rel
776 2642 925 2691 Saracenum
939 2638 988 2691 esse
998 2652 1083 2708 negat.
1099 2639 1127 2690 ln
1141 2656 1172 2690 eo
1187 2651 1281 2705 autem,

116 2710 185 2756 ¹¹4¹·
256 2720 365 2790 quisquis
377 2719 416 2771 ille
430 2719 512 2784 suerit,
525 2719 630 2789 predixit
645 2721 720 2782 mala,
732 2737 783 2788 que
799 2720 929 2772 saladinus
943 2725 1036 2789 populo
1048 2719 1179 2772 christiano
1193 2718 1281 2770 crude-

256 2799 310 2851 liter
330 2799 411 2852 intulit
424 2800 449 2850 in
463 2799 628 2851 destruslione
640 2799 838 2870 Tyberiadis,&
853 2799 877 2850 ln
888 2800 1000 2864 vislerio,
1011 2817 1086 2868 quarn
1102 2799 1134 2849 de
1147 2780 1281 2851 christianis

254 2879 352 2944 liabuit,
374 2880 476 2948 quando
489 2897 573 2948 regem
588 2879 741 2931 Hierusalem
754 2893 781 2934 at
795 2879 918 2948 principes
931 2881 1045 2948 captivos
1058 2879 1138 2942 duxit,
1151 2879 1281 2948 ipsamque

257 2961 364 3012 ianuam
378 2960 504 3012 civitatem
521 2959 636 3027 possedit,
657 2959 811 3012 Ascalonem
827 2960 944 3013 deslruxit
957 2965 980 3012 st
995 2960 1125 3028 quomodo
1141 2959 1281 3011 conabatur

256 3041 359 3112 Tyrum
373 3039 567 3108 apprehendere,
589 3039 629 3090 sed
644 3057 693 3090 non
707 3040 820 3108 profecit,
841 3041 863 3089 dt
881 3041 927 3091 alla
944 3041 1083 3109 multaque
1101 3053 1205 3109 peccata
1217 3037 1281 3088 illius

255 3119 375 3188 temporie
393 3131 543 3170 meruerunt.
567 3119 678 3170 Predlxit
699 3118 773 3170 etiam
796 3120 986 3171 dessruslionenr
1001 3120 1131 3170 hortorum
1146 3117 1281 3185 &palmeti

255 3199 407 3251 Damiatene
418 3198 536 3260 civitatis,
556 3215 632 3268 quain
652 3197 740 3250 scilicet
755 3197 846 3250 sadlain
859 3199 975 3260 vidimus,
996 3201 1099 3268 quando
1112 3199 1201 3248 librum
1215 3197 1281 3248 hunc

256 3296 299 3348 per
313 3278 459 3347 interpretes
476 3278 648 3331 intelleximus.
670 3278 779 3330 Addidit
802 3279 876 3342 enim,
893 3281 1037 3330 Damiatam
1050 3297 1066 3330 a
1079 3278 1214 3331 christianis
1229 3277 1281 3328 fore

256 3359 412 3428 capiendam,
435 3359 543 3410 Saladini
565 3374 655 3410 nomen
674 3375 723 3410 non
738 3358 826 3428 posuit,
847 3359 888 3410 sed
902 3376 945 3426 per
960 3360 1043 3427 nigror
1056 3360 1142 3412 oculor
1155 3361 1179 3412 si
1193 3374 1280 3408 crocea

244 3439 343 3494 ‚vexilla
364 3438 443 3508 ipsum
466 3438 586 3507 defigitur.
609 3438 710 3508 Insuper
734 3439 840 3508 predixit
860 3439 986 3507 quendam
1016 3457 1099 3507 regem
1122 3438 1281 3490 christianum

256 3519 433 3572 Nublanotum
453 3519 574 3571 Mecham
595 3518 722 3571 civitatem
743 3519 834 3570 debere
857 3519 989 3584 destruere,
1011 3521 1034 3570 δι
1057 3518 1107 3571 ossa
1124 3519 1282 3571 Machometi

256 3597 470 3667 pseudoprophete
482 3597 586 3667 dispersa
598 3598 719 3667 proicere,
731 3599 754 3650 u
767 3600 876 3666 quedam
891 3599 938 3649 alia
952 3616 1001 3666 que
1012 3599 1123 3650 nonduin
1137 3610 1281 3663 evenerunt,

257 3677 307 3742 sed,
326 3677 342 3730 li
356 3679 481 3744 completa
495 3677 596 3742 fuerint,
614 3679 647 3729 ad
666 3678 843 3730 exultationem
864 3677 1053 3731 Christianitatis
1068 3677 1281 3746 &depressionem

258 3758 437 3826 Agarenorum
457 3759 591 3810 evenirent.
625 3757 730 3821 Scimus,
756 3758 877 3825 quosdam
903 3759 1008 3826 gentiles
1029 3757 1142 3810 ethnicos
1170 3759 1281 3825 spiritum

258 3837 368 3889 sardium
387 3836 468 3889 inore
486 3837 604 3897 habuisse,
627 3837 668 3890 sed
689 3855 739 3889 non
752 3839 777 3889 in
789 3837 910 3902 corde‚&
926 3837 1056 3890 manisello
1068 3839 1100 3889 de
1115 3838 1213 3891 Christo
1226 3855 1282 3906 pro-

275 3917 374 3971 hetall'e.
479 3963 481 3968 .

69 4014 229 4071 Pseudo-lac..
258 3937 274 3987 Ρ
295 3998 448 4052 Corradinus
470 3999 578 4050 reversus
598 3998 622 4050 in
645 3998 793 4050 Palestinam
808 3999 949 4052 Cesariense
966 3998 1072 4052 cassrum
1087 3999 1192 4063 obsedit,
1212 4001 1282 4068 quod

40 4074 310 4137 ffifl·tr1'²⁸‘·r¹¹12eiat
327 4079 351 4130 in
369 4079 479 4131 cuslodia
493 4078 568 4146 regis,
590 4095 620 4130 ac
636 4078 704 4130 breui
724 4091 837 4148 tempore
857 4081 924 4148 cepit
940 4078 1000 4130 illud
1013 4079 1037 4131 st
1051 4078 1177 4143 destruxit,
1196 4079 1283 4132 desen·

111 4153 181 4198 ¹¹⁴4
259 4159 353 4211 loribus
372 4157 445 4228 ipsius
466 4158 621 4227 negligenter
639 4158 781 4226 agentibus,
804 4159 846 4229 qui
868 4171 951 4210 tamen
973 4159 1024 4211 sere
1040 4176 1127 4210 omnes
1144 4159 1283 4219 evaserunt,

258 4238 317 4307 quia
331 4239 436 4292 liberum
456 4239 584 4292 introitum
598 4240 622 4290 de
636 4240 729 4292 exitum
747 4240 873 4292 habebant
888 4257 930 4310 per
943 4257 1020 4290 mare.
1046 4241 1155 4291 Dernum
1170 4239 1283 4308 processit

257 4319 291 4370 ad
304 4318 410 4370 castrum
423 4317 464 4386 silij
477 4319 526 4372 Dei
539 4336 596 4372 cuin
611 4331 666 4372 toto
686 4318 796 4372 exercitu
808 4319 862 4384 suo,
883 4321 907 4371 δι
921 4318 1077 4372 confiderent
1093 4319 1153 4372 illud
1167 4321 1200 4370 ab
1213 4317 1283 4370 ouini
