<?xml version="1.0" encoding="UTF-8"?>
<!DOCTYPE html PUBLIC "-//W3C//DTD XHTML 1.0 Transitional//EN"
    "http://www.w3.org/TR/xhtml1/DTD/xhtml1-transitional.dtd">
<html xmlns="http://www.w3.org/1999/xhtml" xml:lang="en" lang="en">
 <head>
  <title>
</title>
<meta http-equiv="Content-Type" content="text/html;charset=utf-8" />
  <meta name='ocr-system' content='tesseract 3.04.00' />
  <meta name='ocr-capabilities' content='ocr_page ocr_carea ocr_par ocr_line ocrx_word'/>
</head>
<body>
  <div class='ocr_page' id='page_1' title='image "./testimoniaminor00rhgoog_0343.png"; bbox 0 0 3716 5628; ppageno 0'>
   <div class='ocr_carea' id='block_1_1' title="bbox 553 480 1388 611">
    <p class='ocr_par' dir='ltr' id='par_1_1' title="bbox 553 480 1388 611">
     <span class='ocr_line' id='line_1_1' title="bbox 553 480 1388 611; baseline -0.011 -33"><span class='ocrx_word' id='word_1_1' title='bbox 553 485 640 578; x_wconf 77' lang='lat'>260&#39;</span> <span class='ocrx_word' id='word_1_2' title='bbox 751 482 993 611; x_wconf 81' lang='lat' dir='ltr'>‘Testimoniu</span> <span class='ocrx_word' id='word_1_3' title='bbox 1014 483 1056 572; x_wconf 86' lang='lat' dir='ltr'>in</span> <span class='ocrx_word' id='word_1_4' title='bbox 1079 480 1200 573; x_wconf 83' lang='lat' dir='ltr'>ltalia</span> <span class='ocrx_word' id='word_1_5' title='bbox 1210 481 1388 607; x_wconf 80' lang='lat' dir='ltr'>scriptu.</span> 
     </span>
    </p>
   </div>
   <div class='ocr_carea' id='block_1_2' title="bbox 478 739 1576 969">
    <p class='ocr_par' dir='ltr' id='par_1_2' title="bbox 478 739 1576 969">
     <span class='ocr_line' id='line_1_2' title="bbox 478 739 1576 814; baseline -0.005 -16"><span class='ocrx_word' id='word_1_6' title='bbox 478 763 536 811; x_wconf 84' lang='lat'><strong>¹²¹⁹</strong></span> <span class='ocrx_word' id='word_1_7' title='bbox 549 742 749 809; x_wconf 81' lang='lat' dir='ltr'>continebantur,</span> <span class='ocrx_word' id='word_1_8' title='bbox 765 761 814 814; x_wconf 87' lang='lat' dir='ltr'>que</span> <span class='ocrx_word' id='word_1_9' title='bbox 837 744 909 814; x_wconf 83' lang='lat' dir='ltr'>gesltt</span> <span class='ocrx_word' id='word_1_10' title='bbox 930 743 1060 796; x_wconf 72' lang='lat' dir='ltr'>saladinus</span> <span class='ocrx_word' id='word_1_11' title='bbox 1084 754 1171 795; x_wconf 89' lang='lat' dir='ltr'>contra</span> <span class='ocrx_word' id='word_1_12' title='bbox 1193 740 1334 794; x_wconf 74' lang='lat' dir='ltr'>christianos</span> <span class='ocrx_word' id='word_1_13' title='bbox 1355 741 1380 793; x_wconf 71' lang='grc' dir='ltr'>δι</span> <span class='ocrx_word' id='word_1_14' title='bbox 1406 739 1438 792; x_wconf 93' lang='lat' dir='ltr'>de</span> <span class='ocrx_word' id='word_1_15' title='bbox 1458 740 1576 809; x_wconf 80' lang='lat' dir='ltr'>captione</span> 
     </span>
     <span class='ocr_line' id='line_1_3' title="bbox 549 819 1574 893; baseline -0.001 -21"><span class='ocrx_word' id='word_1_16' title='bbox 549 822 677 888; x_wconf 88' lang='lat' dir='ltr'>Damiate,</span> <span class='ocrx_word' id='word_1_17' title='bbox 688 823 839 893; x_wconf 81' lang='lat' dir='ltr'>dicebatque</span> <span class='ocrx_word' id='word_1_18' title='bbox 851 823 979 893; x_wconf 84' lang='lat' dir='ltr'>quondam</span> <span class='ocrx_word' id='word_1_19' title='bbox 994 840 1078 892; x_wconf 84' lang='lat' dir='ltr'>regem</span> <span class='ocrx_word' id='word_1_20' title='bbox 1093 821 1280 874; x_wconf 84' lang='lat' dir='ltr'>christianorum</span> <span class='ocrx_word' id='word_1_21' title='bbox 1293 819 1435 872; x_wconf 88' lang='lat' dir='ltr'>Nubiarum</span> <span class='ocrx_word' id='word_1_22' title='bbox 1453 819 1574 872; x_wconf 84' lang='lat' dir='ltr'>Mecltam</span> 
     </span>
     <span class='ocr_line' id='line_1_4' title="bbox 549 899 1427 969; baseline -0.001 -17"><span class='ocrx_word' id='word_1_23' title='bbox 549 901 675 954; x_wconf 87' lang='lat' dir='ltr'>civitatem</span> <span class='ocrx_word' id='word_1_24' title='bbox 688 903 780 955; x_wconf 88' lang='lat' dir='ltr'>debere</span> <span class='ocrx_word' id='word_1_25' title='bbox 791 902 914 954; x_wconf 85' lang='lat' dir='ltr'>destruere</span> <span class='ocrx_word' id='word_1_26' title='bbox 927 906 950 954; x_wconf 72' lang='grc' dir='ltr'>δι</span> <span class='ocrx_word' id='word_1_27' title='bbox 962 899 1016 953; x_wconf 83' lang='lat' dir='ltr'>olla</span> <span class='ocrx_word' id='word_1_28' title='bbox 1031 899 1176 952; x_wconf 90' lang='lat' dir='ltr'>Mahumeti</span> <span class='ocrx_word' id='word_1_29' title='bbox 1187 899 1295 968; x_wconf 87' lang='lat' dir='ltr'>dispersa</span> <span class='ocrx_word' id='word_1_30' title='bbox 1307 899 1427 969; x_wconf 84' lang='lat' dir='ltr'>proicere.</span> 
     </span>
    </p>
   </div>
   <div class='ocr_carea' id='block_1_3' title="bbox 920 1136 1199 1204">
    <p class='ocr_par' dir='ltr' id='par_1_3' title="bbox 920 1136 1199 1204">
     <span class='ocr_line' id='line_1_5' title="bbox 920 1136 1199 1204; baseline -0.014 0"><span class='ocrx_word' id='word_1_31' title='bbox 920 1141 956 1204; x_wconf 92' lang='lat' dir='ltr'>B.</span> <span class='ocrx_word' id='word_1_32' title='bbox 977 1136 1127 1204; x_wconf 84' lang='lat' dir='ltr'>Recenlto</span> <span class='ocrx_word' id='word_1_33' title='bbox 1142 1136 1199 1201; x_wconf 91' lang='lat' dir='ltr'><strong>III.</strong></span> 
     </span>
    </p>
   </div>
   <div class='ocr_carea' id='block_1_4' title="bbox 822 1324 1305 1395">
    <p class='ocr_par' dir='ltr' id='par_1_4' title="bbox 822 1324 1305 1395">
     <span class='ocr_line' id='line_1_6' title="bbox 822 1324 1305 1395; baseline -0.002 -16"><span class='ocrx_word' id='word_1_34' title='bbox 822 1324 898 1395; x_wconf 83' lang='lat' dir='ltr'>[eod.</span> <span class='ocrx_word' id='word_1_35' title='bbox 913 1325 1136 1394; x_wconf 79' lang='lat' dir='ltr'>Babenbcrgenfir,</span> <span class='ocrx_word' id='word_1_36' title='bbox 1149 1327 1172 1377; x_wconf 86' lang='lat' dir='ltr'><strong>E</strong></span> <span class='ocrx_word' id='word_1_37' title='bbox 1185 1325 1233 1390; x_wconf 87' lang='lat'>111,</span> <span class='ocrx_word' id='word_1_38' title='bbox 1251 1324 1305 1394; x_wconf 86' lang='grc' dir='ltr'><strong>ιο.]</strong></span> 
     </span>
    </p>
   </div>
   <div class='ocr_carea' id='block_1_5' title="bbox 891 1481 1438 1598">
    <p class='ocr_par' dir='ltr' id='par_1_5' title="bbox 891 1481 1438 1598">
     <span class='ocr_line' id='line_1_7' title="bbox 891 1481 1438 1598; baseline 0 -22"><span class='ocrx_word' id='word_1_39' title='bbox 891 1515 940 1576; x_wconf 85' lang='lat' dir='ltr'>De</span> <span class='ocrx_word' id='word_1_40' title='bbox 954 1516 1076 1598; x_wconf 79' lang='lat' dir='ltr'>captione</span> <span class='ocrx_word' id='word_1_41' title='bbox 1090 1513 1236 1576; x_wconf 86' lang='lat' dir='ltr'>Daminte.</span> <span class='ocrx_word' id='word_1_42' title='bbox 1432 1481 1438 1514; x_wconf 46' lang='lat' dir='ltr'>l</span> 
     </span>
    </p>
   </div>
   <div class='ocr_carea' id='block_1_6' title="bbox 426 1697 1844 2804">
    <p class='ocr_par' dir='ltr' id='par_1_6' title="bbox 426 1697 1844 2804">
     <span class='ocr_line' id='line_1_8' title="bbox 452 1697 1666 1775; baseline -0.007 -15"><span class='ocrx_word' id='word_1_43' title='bbox 452 1715 537 1775; x_wconf 68' lang='lat' dir='ltr'>Nous</span> <span class='ocrx_word' id='word_1_44' title='bbox 587 1704 667 1758; x_wconf 82' lang='lat' dir='ltr'>Nonis</span> <span class='ocrx_word' id='word_1_45' title='bbox 680 1701 757 1771; x_wconf 85' lang='lat' dir='ltr'>igitur</span> <span class='ocrx_word' id='word_1_46' title='bbox 769 1699 921 1753; x_wconf 80' lang='lat' dir='ltr'>Novembris</span> <span class='ocrx_word' id='word_1_47' title='bbox 936 1701 1055 1754; x_wconf 85' lang='lat' dir='ltr'>Damiata</span> <span class='ocrx_word' id='word_1_48' title='bbox 1071 1711 1147 1770; x_wconf 84' lang='lat' dir='ltr'>capta</span> <span class='ocrx_word' id='word_1_49' title='bbox 1170 1699 1204 1752; x_wconf 88' lang='lat' dir='ltr'>est</span> <span class='ocrx_word' id='word_1_50' title='bbox 1226 1699 1274 1752; x_wconf 89' lang='lat' dir='ltr'>line</span> <span class='ocrx_word' id='word_1_51' title='bbox 1296 1697 1434 1766; x_wconf 88' lang='lat' dir='ltr'>deditione,</span> <span class='ocrx_word' id='word_1_52' title='bbox 1454 1699 1505 1753; x_wconf 82' lang='lat' dir='ltr'>stne</span> <span class='ocrx_word' id='word_1_53' title='bbox 1525 1699 1578 1752; x_wconf 85' lang='lat' dir='ltr'>riu·</span> <span class='ocrx_word' id='word_1_54' title='bbox 1592 1704 1608 1753; x_wconf 83' lang='lat' dir='ltr'>f.</span> <span class='ocrx_word' id='word_1_55' title='bbox 1620 1706 1666 1768; x_wconf 78' lang='lat'>²5⁸</span> 
     </span>
     <span class='ocr_line' id='line_1_9' title="bbox 479 1777 1787 1849; baseline 0.001 -17"><span class='ocrx_word' id='word_1_56' title='bbox 479 1797 539 1844; x_wconf 85' lang='lat'>1²¹9</span> <span class='ocrx_word' id='word_1_57' title='bbox 552 1783 637 1848; x_wconf 84' lang='lat' dir='ltr'>lentia,</span> <span class='ocrx_word' id='word_1_58' title='bbox 649 1799 707 1835; x_wconf 89' lang='lat' dir='ltr'>cum</span> <span class='ocrx_word' id='word_1_59' title='bbox 721 1780 842 1846; x_wconf 78' lang='lat' dir='ltr'>tumultu,</span> <span class='ocrx_word' id='word_1_60' title='bbox 858 1779 1006 1849; x_wconf 87' lang='lat' dir='ltr'>predacioue</span> <span class='ocrx_word' id='word_1_61' title='bbox 1017 1779 1087 1848; x_wconf 82' lang='lat' dir='ltr'>(fic),</span> <span class='ocrx_word' id='word_1_62' title='bbox 1100 1791 1128 1831; x_wconf 95' lang='lat' dir='ltr'>ut</span> <span class='ocrx_word' id='word_1_63' title='bbox 1141 1778 1184 1831; x_wconf 88' lang='lat' dir='ltr'>soli</span> <span class='ocrx_word' id='word_1_64' title='bbox 1208 1781 1265 1833; x_wconf 90' lang='lat' dir='ltr'>Deo</span> <span class='ocrx_word' id='word_1_65' title='bbox 1278 1777 1451 1832; x_wconf 70' lang='lat' dir='ltr'>asscriberetur</span> <span class='ocrx_word' id='word_1_66' title='bbox 1463 1779 1574 1832; x_wconf 62' lang='lat' dir='ltr'>vidoria.</span> <span class='ocrx_word' id='word_1_67' title='bbox 1591 1784 1677 1834; x_wconf 79' lang='lat' dir='ltr'>Maria.</span> <span class='ocrx_word' id='word_1_68' title='bbox 1690 1786 1787 1842; x_wconf 68' lang='lat' dir='ltr'>Sanun,</span> 
     </span>
     <span class='ocr_line' id='line_1_10' title="bbox 553 1855 1769 1922; baseline -0.001 -8"><span class='ocrx_word' id='word_1_69' title='bbox 553 1863 629 1922; x_wconf 86' lang='lat' dir='ltr'>Quod</span> <span class='ocrx_word' id='word_1_70' title='bbox 642 1878 743 1914; x_wconf 80' lang='lat' dir='ltr'>cerneus</span> <span class='ocrx_word' id='word_1_71' title='bbox 767 1859 888 1912; x_wconf 77' lang='lat' dir='ltr'>Soldanus</span> <span class='ocrx_word' id='word_1_72' title='bbox 911 1860 953 1911; x_wconf 90' lang='lat' dir='ltr'>sua</span> <span class='ocrx_word' id='word_1_73' title='bbox 974 1859 1054 1912; x_wconf 86' lang='lat' dir='ltr'>castra</span> <span class='ocrx_word' id='word_1_74' title='bbox 1073 1860 1224 1912; x_wconf 82' lang='lat' dir='ltr'>comburens</span> <span class='ocrx_word' id='word_1_75' title='bbox 1240 1857 1356 1910; x_wconf 71' lang='lat' dir='ltr'>confusus</span> <span class='ocrx_word' id='word_1_76' title='bbox 1373 1857 1484 1911; x_wconf 75' lang='lat' dir='ltr'>abscessit</span> <span class='ocrx_word' id='word_1_77' title='bbox 1502 1860 1526 1912; x_wconf 72' lang='lat' dir='ltr'>sc</span> <span class='ocrx_word' id='word_1_78' title='bbox 1546 1861 1579 1914; x_wconf 90' lang='lat' dir='ltr'>de</span> <span class='ocrx_word' id='word_1_79' title='bbox 1596 1855 1705 1920; x_wconf 57' lang='lat' dir='ltr'>itinn·</span> <span class='ocrx_word' id='word_1_80' title='bbox 1718 1857 1769 1918; x_wconf 78' lang='lat'>²5⁶</span> 
     </span>
     <span class='ocr_line' id='line_1_11' title="bbox 552 1937 1579 2011; baseline 0 -19"><span class='ocrx_word' id='word_1_81' title='bbox 552 1940 633 2011; x_wconf 87' lang='lat' dir='ltr'>spoliis</span> <span class='ocrx_word' id='word_1_82' title='bbox 645 1941 739 1994; x_wconf 76' lang='lat' dir='ltr'>ditatus</span> <span class='ocrx_word' id='word_1_83' title='bbox 752 1940 785 1992; x_wconf 80' lang='lat' dir='ltr'>eli</span> <span class='ocrx_word' id='word_1_84' title='bbox 798 1939 905 2009; x_wconf 83' lang='lat' dir='ltr'>populus</span> <span class='ocrx_word' id='word_1_85' title='bbox 918 1939 1069 1994; x_wconf 79' lang='lat' dir='ltr'>christianus.</span> <span class='ocrx_word' id='word_1_86' title='bbox 1084 1944 1119 1992; x_wconf 88' lang='lat' dir='ltr'>Et</span> <span class='ocrx_word' id='word_1_87' title='bbox 1136 1951 1217 2008; x_wconf 85' lang='lat' dir='ltr'>preter</span> <span class='ocrx_word' id='word_1_88' title='bbox 1233 1937 1377 1990; x_wconf 64' lang='lat' dir='ltr'>interfectos</span> <span class='ocrx_word' id='word_1_89' title='bbox 1398 1937 1535 2006; x_wconf 84' lang='lat' dir='ltr'>pestilentia</span> <span class='ocrx_word' id='word_1_90' title='bbox 1555 1941 1579 1992; x_wconf 74' lang='lat' dir='ltr'>a</span> 
     </span>
     <span class='ocr_line' id='line_1_12' title="bbox 552 2017 1580 2088; baseline -0.002 -14"><span class='ocrx_word' id='word_1_91' title='bbox 552 2019 619 2074; x_wconf 85' lang='lat' dir='ltr'>same</span> <span class='ocrx_word' id='word_1_92' title='bbox 640 2020 716 2088; x_wconf 90' lang='lat' dir='ltr'>usque</span> <span class='ocrx_word' id='word_1_93' title='bbox 734 2019 767 2070; x_wconf 89' lang='lat' dir='ltr'>ad</span> <span class='ocrx_word' id='word_1_94' title='bbox 787 2037 846 2071; x_wconf 75' lang='lat' dir='ltr'>nx.</span> <span class='ocrx_word' id='word_1_95' title='bbox 861 2019 930 2070; x_wconf 87' lang='lat' dir='ltr'>milia</span> <span class='ocrx_word' id='word_1_96' title='bbox 949 2022 1142 2073; x_wconf 75' lang='lat' dir='ltr'>sarracenorum</span> <span class='ocrx_word' id='word_1_97' title='bbox 1157 2029 1233 2086; x_wconf 82' lang='lat' dir='ltr'>capta</span> <span class='ocrx_word' id='word_1_98' title='bbox 1255 2017 1327 2084; x_wconf 74' lang='lat' dir='ltr'>sunt,</span> <span class='ocrx_word' id='word_1_99' title='bbox 1340 2017 1431 2086; x_wconf 86' lang='lat' dir='ltr'>platee,</span> <span class='ocrx_word' id='word_1_100' title='bbox 1452 2018 1580 2072; x_wconf 81' lang='lat' dir='ltr'>domus&amp;</span> 
     </span>
     <span class='ocr_line' id='line_1_13' title="bbox 552 2097 1581 2168; baseline -0.001 -16"><span class='ocrx_word' id='word_1_101' title='bbox 552 2099 633 2152; x_wconf 75' lang='lat' dir='ltr'>lectuli</span> <span class='ocrx_word' id='word_1_102' title='bbox 656 2098 727 2150; x_wconf 90' lang='lat' dir='ltr'>multi</span> <span class='ocrx_word' id='word_1_103' title='bbox 752 2099 839 2168; x_wconf 87' lang='lat' dir='ltr'>repleti</span> <span class='ocrx_word' id='word_1_104' title='bbox 863 2109 934 2151; x_wconf 89' lang='lat' dir='ltr'>erant</span> <span class='ocrx_word' id='word_1_105' title='bbox 959 2098 1038 2152; x_wconf 86' lang='lat' dir='ltr'>setore</span> <span class='ocrx_word' id='word_1_106' title='bbox 1062 2101 1086 2151; x_wconf 73' lang='grc' dir='ltr'>ἃ</span> <span class='ocrx_word' id='word_1_107' title='bbox 1111 2097 1275 2152; x_wconf 77' lang='lat' dir='ltr'>cadaveribus</span> <span class='ocrx_word' id='word_1_108' title='bbox 1301 2108 1470 2150; x_wconf 89' lang='lat' dir='ltr'>mortuorum.</span> <span class='ocrx_word' id='word_1_109' title='bbox 1499 2100 1581 2151; x_wconf 82' lang='lat' dir='ltr'>Millin</span> 
     </span>
     <span class='ocr_line' id='line_1_14' title="bbox 553 2175 1580 2246; baseline 0.001 -16"><span class='ocrx_word' id='word_1_110' title='bbox 553 2177 642 2231; x_wconf 87' lang='lat' dir='ltr'>deinde</span> <span class='ocrx_word' id='word_1_111' title='bbox 669 2175 725 2229; x_wconf 76' lang='lat' dir='ltr'>viria</span> <span class='ocrx_word' id='word_1_112' title='bbox 748 2175 816 2244; x_wconf 84' lang='lat' dir='ltr'>quast</span> <span class='ocrx_word' id='word_1_113' title='bbox 838 2176 905 2230; x_wconf 89' lang='lat' dir='ltr'>mille</span> <span class='ocrx_word' id='word_1_114' title='bbox 924 2177 956 2228; x_wconf 91' lang='lat' dir='ltr'>ad</span> <span class='ocrx_word' id='word_1_115' title='bbox 981 2177 1162 2245; x_wconf 83' lang='lat' dir='ltr'>explorandum</span> <span class='ocrx_word' id='word_1_116' title='bbox 1185 2175 1314 2227; x_wconf 80' lang='lat' dir='ltr'>Therarue</span> <span class='ocrx_word' id='word_1_117' title='bbox 1339 2175 1394 2242; x_wconf 83' lang='lat' dir='ltr'>(fic,</span> <span class='ocrx_word' id='word_1_118' title='bbox 1415 2175 1468 2244; x_wconf 76' lang='lat' dir='ltr'>sege</span> <span class='ocrx_word' id='word_1_119' title='bbox 1487 2177 1580 2246; x_wconf 77' lang='lat' dir='ltr'>Tanis)</span> 
     </span>
     <span class='ocr_line' id='line_1_15' title="bbox 426 2253 1582 2326; baseline 0 -19"><span class='ocrx_word' id='word_1_120' title='bbox 426 2259 540 2308; x_wconf 83' lang='lat' dir='ltr'>Novemb.</span> <span class='ocrx_word' id='word_1_121' title='bbox 554 2257 636 2308; x_wconf 89' lang='lat' dir='ltr'>mense</span> <span class='ocrx_word' id='word_1_122' title='bbox 648 2255 799 2310; x_wconf 82' lang='lat' dir='ltr'>Novembris</span> <span class='ocrx_word' id='word_1_123' title='bbox 813 2257 941 2309; x_wconf 88' lang='lat' dir='ltr'>Sarraceni</span> <span class='ocrx_word' id='word_1_124' title='bbox 954 2257 1070 2320; x_wconf 80' lang='lat' dir='ltr'>castrum,</span> <span class='ocrx_word' id='word_1_125' title='bbox 1086 2273 1138 2326; x_wconf 90' lang='lat' dir='ltr'>quo</span> <span class='ocrx_word' id='word_1_126' title='bbox 1153 2254 1248 2306; x_wconf 88' lang='lat' dir='ltr'>nullum</span> <span class='ocrx_word' id='word_1_127' title='bbox 1261 2254 1341 2322; x_wconf 78' lang='lat' dir='ltr'>magis</span> <span class='ocrx_word' id='word_1_128' title='bbox 1355 2253 1494 2307; x_wconf 85' lang='lat' dir='ltr'>iumentum</span> <span class='ocrx_word' id='word_1_129' title='bbox 1508 2256 1582 2325; x_wconf 78' lang='lat' dir='ltr'>(fic),</span> 
     </span>
     <span class='ocr_line' id='line_1_16' title="bbox 554 2333 1844 2414; baseline 0 -28"><span class='ocrx_word' id='word_1_130' title='bbox 554 2335 641 2404; x_wconf 88' lang='lat' dir='ltr'>sponte</span> <span class='ocrx_word' id='word_1_131' title='bbox 660 2335 818 2405; x_wconf 87' lang='lat' dir='ltr'>reliquerunt.</span> <span class='ocrx_word' id='word_1_132' title='bbox 841 2337 914 2388; x_wconf 89' lang='lat' dir='ltr'>Ante</span> <span class='ocrx_word' id='word_1_133' title='bbox 932 2335 1077 2404; x_wconf 86' lang='lat' dir='ltr'>capcionern</span> <span class='ocrx_word' id='word_1_134' title='bbox 1100 2333 1219 2387; x_wconf 87' lang='lat' dir='ltr'>Damiate</span> <span class='ocrx_word' id='word_1_135' title='bbox 1240 2333 1302 2386; x_wconf 90' lang='lat' dir='ltr'>liber</span> <span class='ocrx_word' id='word_1_136' title='bbox 1322 2333 1424 2403; x_wconf 88' lang='lat' dir='ltr'>quidam</span> <span class='ocrx_word' id='word_1_137' title='bbox 1446 2333 1798 2414; x_wconf 63' lang='lat' dir='ltr'>christianie1r‚‚s.p„p,254</span> <span class='ocrx_word' id='word_1_138' title='bbox 1843 2335 1844 2366; x_wconf 67' lang='lat' dir='ltr'>l</span> 
     </span>
     <span class='ocr_line' id='line_1_17' title="bbox 532 2407 1582 2484; baseline 0.001 -19"><span class='ocrx_word' id='word_1_139' title='bbox 532 2407 678 2483; x_wconf 66' lang='lat' dir='ltr'>apparuit,</span> <span class='ocrx_word' id='word_1_140' title='bbox 692 2415 792 2468; x_wconf 83' lang='lat' dir='ltr'>arabice</span> <span class='ocrx_word' id='word_1_141' title='bbox 816 2413 928 2484; x_wconf 82' lang='lat' dir='ltr'>scriptus,</span> <span class='ocrx_word' id='word_1_142' title='bbox 955 2415 1025 2467; x_wconf 75' lang='lat' dir='ltr'>cuitu</span> <span class='ocrx_word' id='word_1_143' title='bbox 1047 2415 1134 2467; x_wconf 74' lang='lat' dir='ltr'>auctor</span> <span class='ocrx_word' id='word_1_144' title='bbox 1160 2413 1318 2466; x_wconf 85' lang='lat' dir='ltr'>christianum</span> <span class='ocrx_word' id='word_1_145' title='bbox 1343 2413 1382 2465; x_wconf 80' lang='lat' dir='ltr'>vel</span> <span class='ocrx_word' id='word_1_146' title='bbox 1407 2414 1518 2466; x_wconf 85' lang='lat' dir='ltr'>ludeum</span> <span class='ocrx_word' id='word_1_147' title='bbox 1543 2413 1582 2466; x_wconf 85' lang='lat' dir='ltr'>vel</span> 
     </span>
     <span class='ocr_line' id='line_1_18' title="bbox 555 2492 1582 2564; baseline 0.001 -20"><span class='ocrx_word' id='word_1_148' title='bbox 555 2494 718 2546; x_wconf 87' lang='lat' dir='ltr'>Sarracenum</span> <span class='ocrx_word' id='word_1_149' title='bbox 731 2495 755 2546; x_wconf 89' lang='lat' dir='ltr'>se</span> <span class='ocrx_word' id='word_1_150' title='bbox 773 2507 867 2564; x_wconf 79' lang='lat' dir='ltr'>negat3</span> <span class='ocrx_word' id='word_1_151' title='bbox 889 2495 914 2547; x_wconf 90' lang='lat' dir='ltr'>in</span> <span class='ocrx_word' id='word_1_152' title='bbox 928 2512 979 2564; x_wconf 91' lang='lat' dir='ltr'>quo</span> <span class='ocrx_word' id='word_1_153' title='bbox 992 2494 1195 2559; x_wconf 81' lang='lat' dir='ltr'>continebantur,</span> <span class='ocrx_word' id='word_1_154' title='bbox 1208 2511 1257 2563; x_wconf 90' lang='lat' dir='ltr'>que</span> <span class='ocrx_word' id='word_1_155' title='bbox 1267 2492 1338 2562; x_wconf 77' lang='lat' dir='ltr'>gessit</span> <span class='ocrx_word' id='word_1_156' title='bbox 1353 2492 1482 2546; x_wconf 81' lang='lat' dir='ltr'>saladinua</span> <span class='ocrx_word' id='word_1_157' title='bbox 1494 2505 1582 2548; x_wconf 89' lang='lat' dir='ltr'>contra</span> 
     </span>
     <span class='ocr_line' id='line_1_19' title="bbox 533 2571 1583 2644; baseline 0.001 -20"><span class='ocrx_word' id='word_1_158' title='bbox 533 2593 535 2603; x_wconf 71' lang='lat'>¹</span> <span class='ocrx_word' id='word_1_159' title='bbox 554 2571 696 2626; x_wconf 85' lang='lat' dir='ltr'>christianos</span> <span class='ocrx_word' id='word_1_160' title='bbox 708 2575 733 2626; x_wconf 70' lang='lat' dir='ltr'>ic</span> <span class='ocrx_word' id='word_1_161' title='bbox 743 2575 775 2627; x_wconf 94' lang='lat' dir='ltr'>de</span> <span class='ocrx_word' id='word_1_162' title='bbox 785 2576 905 2644; x_wconf 86' lang='lat' dir='ltr'>capcione</span> <span class='ocrx_word' id='word_1_163' title='bbox 915 2575 1044 2627; x_wconf 87' lang='lat' dir='ltr'>Damiate.</span> <span class='ocrx_word' id='word_1_164' title='bbox 1061 2573 1219 2643; x_wconf 85' lang='lat' dir='ltr'>Dicebatque</span> <span class='ocrx_word' id='word_1_165' title='bbox 1232 2573 1358 2643; x_wconf 91' lang='lat' dir='ltr'>quendam</span> <span class='ocrx_word' id='word_1_166' title='bbox 1374 2590 1459 2642; x_wconf 83' lang='lat' dir='ltr'>regem</span> <span class='ocrx_word' id='word_1_167' title='bbox 1474 2573 1583 2626; x_wconf 80' lang='lat' dir='ltr'>christia·</span> 
     </span>
     <span class='ocr_line' id='line_1_20' title="bbox 534 2651 1581 2708; baseline 0 -4"><span class='ocrx_word' id='word_1_168' title='bbox 534 2667 535 2672; x_wconf 54' lang='lat'><em>*</em></span> <span class='ocrx_word' id='word_1_169' title='bbox 554 2669 645 2706; x_wconf 91' lang='lat' dir='ltr'>norum</span> <span class='ocrx_word' id='word_1_170' title='bbox 659 2654 799 2706; x_wconf 89' lang='lat' dir='ltr'>Nubiarum</span> <span class='ocrx_word' id='word_1_171' title='bbox 815 2655 935 2708; x_wconf 85' lang='lat' dir='ltr'>Mecham</span> <span class='ocrx_word' id='word_1_172' title='bbox 949 2653 1077 2708; x_wconf 79' lang='lat' dir='ltr'>civitatem</span> <span class='ocrx_word' id='word_1_173' title='bbox 1089 2654 1181 2706; x_wconf 89' lang='lat' dir='ltr'>debere</span> <span class='ocrx_word' id='word_1_174' title='bbox 1190 2653 1313 2706; x_wconf 83' lang='lat' dir='ltr'>destruere</span> <span class='ocrx_word' id='word_1_175' title='bbox 1322 2655 1346 2706; x_wconf 74' lang='grc' dir='ltr'>δι</span> <span class='ocrx_word' id='word_1_176' title='bbox 1356 2651 1408 2706; x_wconf 80' lang='lat' dir='ltr'>osia</span> <span class='ocrx_word' id='word_1_177' title='bbox 1420 2653 1581 2706; x_wconf 83' lang='lat' dir='ltr'>Machonteti</span> 
     </span>
     <span class='ocr_line' id='line_1_21' title="bbox 537 2731 792 2804; baseline 0.016 -22"><span class='ocrx_word' id='word_1_178' title='bbox 537 2746 540 2774; x_wconf 59' lang='lat'>¹-</span> <span class='ocrx_word' id='word_1_179' title='bbox 555 2731 662 2804; x_wconf 86' lang='lat' dir='ltr'>dispersa</span> <span class='ocrx_word' id='word_1_180' title='bbox 673 2733 792 2802; x_wconf 86' lang='lat' dir='ltr'>proicere.</span> 
     </span>
    </p>
   </div>
   <div class='ocr_carea' id='block_1_7' title="bbox 853 2927 1284 3016">
    <p class='ocr_par' dir='ltr' id='par_1_7' title="bbox 853 2927 1284 3016">
     <span class='ocr_line' id='line_1_22' title="bbox 853 2927 1284 3016; baseline 0 -24"><span class='ocrx_word' id='word_1_181' title='bbox 853 2931 902 2992; x_wconf 83' lang='lat' dir='ltr'>De</span> <span class='ocrx_word' id='word_1_182' title='bbox 917 2927 1082 3016; x_wconf 84' lang='lat' dir='ltr'>quibusdam</span> <span class='ocrx_word' id='word_1_183' title='bbox 1097 2929 1284 2992; x_wconf 82' lang='lat' dir='ltr'>incidentibus.</span> 
     </span>
    </p>
   </div>
   <div class='ocr_carea' id='block_1_8' title="bbox 483 3127 1802 4317">
    <p class='ocr_par' dir='ltr' id='par_1_8' title="bbox 483 3127 1802 3600">
     <span class='ocr_line' id='line_1_23' title="bbox 483 3127 1793 3210; baseline -0.003 -22"><span class='ocrx_word' id='word_1_184' title='bbox 483 3153 542 3201; x_wconf 79' lang='lat'>1219</span> <span class='ocrx_word' id='word_1_185' title='bbox 591 3129 690 3182; x_wconf 87' lang='lat' dir='ltr'>Audita</span> <span class='ocrx_word' id='word_1_186' title='bbox 710 3128 834 3199; x_wconf 86' lang='lat' dir='ltr'>capcione</span> <span class='ocrx_word' id='word_1_187' title='bbox 856 3129 974 3182; x_wconf 87' lang='lat' dir='ltr'>Damiate</span> <span class='ocrx_word' id='word_1_188' title='bbox 994 3127 1131 3197; x_wconf 81' lang='lat' dir='ltr'>Georgiani</span> <span class='ocrx_word' id='word_1_189' title='bbox 1149 3128 1257 3181; x_wconf 85' lang='lat' dir='ltr'>scribunt</span> <span class='ocrx_word' id='word_1_190' title='bbox 1276 3129 1422 3198; x_wconf 74' lang='lat' dir='ltr'>visionibus,</span> <span class='ocrx_word' id='word_1_191' title='bbox 1441 3143 1513 3196; x_wconf 85' lang='lat' dir='ltr'>turpe</span> <span class='ocrx_word' id='word_1_192' title='bbox 1535 3129 1584 3184; x_wconf 78' lang='lat' dir='ltr'>esse</span> <span class='ocrx_word' id='word_1_193' title='bbox 1607 3151 1689 3198; x_wconf 55' lang='lat' dir='ltr'>Mffl</span> <span class='ocrx_word' id='word_1_194' title='bbox 1702 3153 1793 3210; x_wconf 74' lang='lat' dir='ltr'>saeue,</span> 
     </span>
     <span class='ocr_line' id='line_1_24' title="bbox 556 3207 1802 3286; baseline -0.003 -24"><span class='ocrx_word' id='word_1_195' title='bbox 556 3210 600 3275; x_wconf 82' lang='lat' dir='ltr'>eis,</span> <span class='ocrx_word' id='word_1_196' title='bbox 609 3208 650 3261; x_wconf 80' lang='lat' dir='ltr'>nist</span> <span class='ocrx_word' id='word_1_197' title='bbox 661 3210 813 3262; x_wconf 86' lang='lat' dir='ltr'>Damascum</span> <span class='ocrx_word' id='word_1_198' title='bbox 824 3209 863 3262; x_wconf 90' lang='lat' dir='ltr'>vel</span> <span class='ocrx_word' id='word_1_199' title='bbox 871 3209 947 3260; x_wconf 85' lang='lat' dir='ltr'>alium</span> <span class='ocrx_word' id='word_1_200' title='bbox 958 3207 1041 3261; x_wconf 90' lang='lat' dir='ltr'>locum</span> <span class='ocrx_word' id='word_1_201' title='bbox 1051 3208 1207 3260; x_wconf 87' lang='lat' dir='ltr'>nominatum</span> <span class='ocrx_word' id='word_1_202' title='bbox 1218 3208 1308 3262; x_wconf 82' lang='lat' dir='ltr'>virtute</span> <span class='ocrx_word' id='word_1_203' title='bbox 1318 3226 1446 3262; x_wconf 87' lang='lat' dir='ltr'>armorum</span> <span class='ocrx_word' id='word_1_204' title='bbox 1456 3225 1583 3280; x_wconf 86' lang='lat' dir='ltr'>caperent.</span> <span class='ocrx_word' id='word_1_205' title='bbox 1590 3219 1802 3286; x_wconf 74' lang='lat' dir='ltr'>s⁸P&#39;¹P·²57·²58</span> 
     </span>
     <span class='ocr_line' id='line_1_25' title="bbox 556 3288 1583 3360; baseline 0.001 -17"><span class='ocrx_word' id='word_1_206' title='bbox 556 3291 603 3360; x_wconf 84' lang='lat' dir='ltr'>lpst</span> <span class='ocrx_word' id='word_1_207' title='bbox 616 3290 681 3342; x_wconf 87' lang='lat' dir='ltr'>enirn</span> <span class='ocrx_word' id='word_1_208' title='bbox 696 3289 774 3343; x_wconf 78' lang='lat' dir='ltr'>Parsia</span> <span class='ocrx_word' id='word_1_209' title='bbox 788 3289 846 3358; x_wconf 80' lang='lat' dir='ltr'>(fic)</span> <span class='ocrx_word' id='word_1_210' title='bbox 859 3288 933 3341; x_wconf 81' lang='lat' dir='ltr'>vicini</span> <span class='ocrx_word' id='word_1_211' title='bbox 955 3289 1019 3354; x_wconf 88' lang='lat' dir='ltr'>suut,</span> <span class='ocrx_word' id='word_1_212' title='bbox 1030 3288 1108 3356; x_wconf 82' lang='lat' dir='ltr'>longo</span> <span class='ocrx_word' id='word_1_213' title='bbox 1122 3301 1186 3341; x_wconf 88' lang='lat' dir='ltr'>terre</span> <span class='ocrx_word' id='word_1_214' title='bbox 1203 3289 1282 3356; x_wconf 88' lang='lat' dir='ltr'>spatio</span> <span class='ocrx_word' id='word_1_215' title='bbox 1306 3307 1321 3340; x_wconf 89' lang='lat' dir='ltr'>a</span> <span class='ocrx_word' id='word_1_216' title='bbox 1333 3302 1398 3342; x_wconf 88' lang='lat' dir='ltr'>terra</span> <span class='ocrx_word' id='word_1_217' title='bbox 1420 3290 1583 3359; x_wconf 79' lang='lat' dir='ltr'>promiffionis</span> 
     </span>
     <span class='ocr_line' id='line_1_26' title="bbox 556 3368 1585 3438; baseline 0.002 -15"><span class='ocrx_word' id='word_1_218' title='bbox 556 3371 682 3436; x_wconf 85' lang='lat' dir='ltr'>dillantes,</span> <span class='ocrx_word' id='word_1_219' title='bbox 704 3387 810 3438; x_wconf 88' lang='lat' dir='ltr'>quorum</span> <span class='ocrx_word' id='word_1_220' title='bbox 827 3369 966 3420; x_wconf 90' lang='lat' dir='ltr'>dominium</span> <span class='ocrx_word' id='word_1_221' title='bbox 980 3368 1120 3421; x_wconf 78' lang='lat' dir='ltr'>extenditur</span> <span class='ocrx_word' id='word_1_222' title='bbox 1133 3369 1208 3436; x_wconf 88' lang='lat' dir='ltr'>usque</span> <span class='ocrx_word' id='word_1_223' title='bbox 1222 3369 1255 3420; x_wconf 89' lang='lat' dir='ltr'>ad</span> <span class='ocrx_word' id='word_1_224' title='bbox 1268 3379 1366 3420; x_wconf 86' lang='lat' dir='ltr'>montes</span> <span class='ocrx_word' id='word_1_225' title='bbox 1381 3369 1494 3438; x_wconf 72' lang='lat' dir='ltr'>Caspios.</span> <span class='ocrx_word' id='word_1_226' title='bbox 1509 3371 1585 3424; x_wconf 86' lang='lat' dir='ltr'>Belli·</span> 
     </span>
     <span class='ocr_line' id='line_1_27' title="bbox 557 3447 1584 3517; baseline 0.002 -13"><span class='ocrx_word' id='word_1_227' title='bbox 557 3451 606 3505; x_wconf 78' lang='lat' dir='ltr'>cosi</span> <span class='ocrx_word' id='word_1_228' title='bbox 627 3449 739 3502; x_wconf 80' lang='lat' dir='ltr'>homines</span> <span class='ocrx_word' id='word_1_229' title='bbox 762 3449 825 3513; x_wconf 91' lang='lat' dir='ltr'>sunt,</span> <span class='ocrx_word' id='word_1_230' title='bbox 846 3449 967 3501; x_wconf 86' lang='lat' dir='ltr'>babentes</span> <span class='ocrx_word' id='word_1_231' title='bbox 990 3447 1100 3500; x_wconf 85' lang='lat' dir='ltr'>rasuram</span> <span class='ocrx_word' id='word_1_232' title='bbox 1121 3447 1247 3517; x_wconf 91' lang='lat' dir='ltr'>incapite</span> <span class='ocrx_word' id='word_1_233' title='bbox 1268 3448 1351 3503; x_wconf 90' lang='lat' dir='ltr'>clerici</span> <span class='ocrx_word' id='word_1_234' title='bbox 1370 3451 1514 3514; x_wconf 87' lang='lat' dir='ltr'>rotundam,</span> <span class='ocrx_word' id='word_1_235' title='bbox 1528 3451 1584 3506; x_wconf 90' lang='lat' dir='ltr'>laici</span> 
     </span>
     <span class='ocr_line' id='line_1_28' title="bbox 558 3527 1495 3600; baseline 0.001 -18"><span class='ocrx_word' id='word_1_236' title='bbox 558 3530 716 3600; x_wconf 85' lang='lat' dir='ltr'>quadratam.</span> <span class='ocrx_word' id='word_1_237' title='bbox 735 3528 856 3582; x_wconf 82' lang='lat' dir='ltr'>Mulieres</span> <span class='ocrx_word' id='word_1_238' title='bbox 870 3545 955 3580; x_wconf 89' lang='lat' dir='ltr'>eorum</span> <span class='ocrx_word' id='word_1_239' title='bbox 971 3527 1095 3598; x_wconf 82' lang='lat' dir='ltr'>equestres</span> <span class='ocrx_word' id='word_1_240' title='bbox 1109 3527 1248 3598; x_wconf 88' lang='lat' dir='ltr'>procedunt</span> <span class='ocrx_word' id='word_1_241' title='bbox 1259 3528 1334 3580; x_wconf 78' lang='lat' dir='ltr'>docle</span> <span class='ocrx_word' id='word_1_242' title='bbox 1348 3527 1381 3580; x_wconf 94' lang='lat' dir='ltr'>ad</span> <span class='ocrx_word' id='word_1_243' title='bbox 1395 3528 1495 3583; x_wconf 90' lang='lat' dir='ltr'>bellum.</span> 
     </span>
    </p>

    <p class='ocr_par' dir='ltr' id='par_1_9' title="bbox 487 3607 1585 3756">
     <span class='ocr_line' id='line_1_29' title="bbox 487 3607 1585 3678; baseline 0.003 -16"><span class='ocrx_word' id='word_1_244' title='bbox 487 3640 546 3675; x_wconf 59' lang='grc' dir='ltr'>μω</span> <span class='ocrx_word' id='word_1_245' title='bbox 596 3610 723 3662; x_wconf 85' lang='lat' dir='ltr'>MCCIX.</span> <span class='ocrx_word' id='word_1_246' title='bbox 744 3608 856 3678; x_wconf 74' lang='lat' dir='ltr'>princeps</span> <span class='ocrx_word' id='word_1_247' title='bbox 876 3607 992 3661; x_wconf 85' lang='lat' dir='ltr'>Damasci</span> <span class='ocrx_word' id='word_1_248' title='bbox 1014 3607 1132 3660; x_wconf 80' lang='lat' dir='ltr'>destruxit</span> <span class='ocrx_word' id='word_1_249' title='bbox 1153 3607 1258 3659; x_wconf 85' lang='lat' dir='ltr'>castrum</span> <span class='ocrx_word' id='word_1_250' title='bbox 1283 3607 1382 3676; x_wconf 81' lang='lat' dir='ltr'>saphet.</span> <span class='ocrx_word' id='word_1_251' title='bbox 1396 3609 1520 3662; x_wconf 80' lang='lat' dir='ltr'>Iohannes</span> <span class='ocrx_word' id='word_1_252' title='bbox 1541 3630 1585 3666; x_wconf 81' lang='lat' dir='ltr'>rex</span> 
     </span>
     <span class='ocr_line' id='line_1_30' title="bbox 559 3677 1585 3756; baseline 0.003 -14"><span class='ocrx_word' id='word_1_253' title='bbox 559 3687 689 3742; x_wconf 86' lang='lat' dir='ltr'>Ierusalem</span> <span class='ocrx_word' id='word_1_254' title='bbox 706 3687 784 3740; x_wconf 81' lang='lat' dir='ltr'>casira</span> <span class='ocrx_word' id='word_1_255' title='bbox 797 3686 893 3756; x_wconf 88' lang='lat' dir='ltr'>reliquit</span> <span class='ocrx_word' id='word_1_256' title='bbox 908 3685 1028 3754; x_wconf 85' lang='lat' dir='ltr'>fidelium,</span> <span class='ocrx_word' id='word_1_257' title='bbox 1040 3686 1125 3738; x_wconf 81' lang='lat' dir='ltr'>causas</span> <span class='ocrx_word' id='word_1_258' title='bbox 1139 3685 1237 3756; x_wconf 80' lang='lat' dir='ltr'>aliquas</span> <span class='ocrx_word' id='word_1_259' title='bbox 1252 3686 1400 3754; x_wconf 85' lang='lat' dir='ltr'>pretendene</span> <span class='ocrx_word' id='word_1_260' title='bbox 1413 3677 1585 3745; x_wconf 59' lang='lat' dir='ltr'>a&#39;rl&#39;lii‘excu</span> 
     </span>
    </p>

    <p class='ocr_par' dir='ltr' id='par_1_10' title="bbox 486 3755 1585 4317">
     <span class='ocr_line' id='line_1_31' title="bbox 486 3755 1585 3838; baseline 0 -16"><span class='ocrx_word' id='word_1_261' title='bbox 486 3787 542 3822; x_wconf 83' lang='lat'>1221</span> <span class='ocrx_word' id='word_1_262' title='bbox 559 3767 713 3821; x_wconf 85' lang='lat' dir='ltr'>sationem&amp;</span> <span class='ocrx_word' id='word_1_263' title='bbox 726 3765 874 3837; x_wconf 81' lang='lat' dir='ltr'>promittens</span> <span class='ocrx_word' id='word_1_264' title='bbox 888 3767 1030 3819; x_wconf 84' lang='lat' dir='ltr'>festinanter</span> <span class='ocrx_word' id='word_1_265' title='bbox 1042 3766 1177 3818; x_wconf 87' lang='lat' dir='ltr'>redditum.</span> <span class='ocrx_word' id='word_1_266' title='bbox 1186 3755 1307 3836; x_wconf 46' lang='lat' dir='ltr'>{laegatus</span> <span class='ocrx_word' id='word_1_267' title='bbox 1322 3778 1406 3818; x_wconf 88' lang='lat' dir='ltr'>autem</span> <span class='ocrx_word' id='word_1_268' title='bbox 1419 3767 1454 3838; x_wconf 85' lang='lat' dir='ltr'>de</span> <span class='ocrx_word' id='word_1_269' title='bbox 1465 3769 1585 3822; x_wconf 83' lang='lat' dir='ltr'>Damiata</span> 
     </span>
     <span class='ocr_line' id='line_1_32' title="bbox 558 3845 1585 3918; baseline 0.002 -18"><span class='ocrx_word' id='word_1_270' title='bbox 558 3847 672 3918; x_wconf 87' lang='lat' dir='ltr'>procellit</span> <span class='ocrx_word' id='word_1_271' title='bbox 686 3847 822 3916; x_wconf 87' lang='lat' dir='ltr'>equitando</span> <span class='ocrx_word' id='word_1_272' title='bbox 840 3865 883 3916; x_wconf 91' lang='lat' dir='ltr'>per</span> <span class='ocrx_word' id='word_1_273' title='bbox 896 3846 975 3915; x_wconf 86' lang='lat' dir='ltr'>ripam</span> <span class='ocrx_word' id='word_1_274' title='bbox 993 3845 1102 3898; x_wconf 79' lang='lat' dir='ltr'>fluminis</span> <span class='ocrx_word' id='word_1_275' title='bbox 1123 3847 1147 3897; x_wconf 73' lang='grc' dir='ltr'>ἃ</span> <span class='ocrx_word' id='word_1_276' title='bbox 1169 3845 1238 3898; x_wconf 86' lang='lat' dir='ltr'>iuxta</span> <span class='ocrx_word' id='word_1_277' title='bbox 1258 3863 1302 3898; x_wconf 75' lang='lat' dir='ltr'>eos</span> <span class='ocrx_word' id='word_1_278' title='bbox 1323 3863 1409 3898; x_wconf 88' lang='lat' dir='ltr'>eorum</span> <span class='ocrx_word' id='word_1_279' title='bbox 1432 3849 1533 3918; x_wconf 83' lang='lat' dir='ltr'>navigia</span> <span class='ocrx_word' id='word_1_280' title='bbox 1551 3851 1585 3917; x_wconf 72' lang='lat' dir='ltr'>ic,</span> 
     </span>
     <span class='ocr_line' id='line_1_33' title="bbox 558 3925 1584 3996; baseline 0.002 -16"><span class='ocrx_word' id='word_1_281' title='bbox 558 3927 656 3981; x_wconf 91' lang='lat' dir='ltr'>nemine</span> <span class='ocrx_word' id='word_1_282' title='bbox 668 3928 824 3996; x_wconf 88' lang='lat' dir='ltr'>prohibente,</span> <span class='ocrx_word' id='word_1_283' title='bbox 836 3927 948 3996; x_wconf 82' lang='lat' dir='ltr'>pervenit</span> <span class='ocrx_word' id='word_1_284' title='bbox 967 3926 999 3978; x_wconf 85' lang='lat' dir='ltr'>ad</span> <span class='ocrx_word' id='word_1_285' title='bbox 1014 3927 1106 3990; x_wconf 88' lang='lat' dir='ltr'>lucum,</span> <span class='ocrx_word' id='word_1_286' title='bbox 1128 3925 1171 3977; x_wconf 93' lang='lat' dir='ltr'>ubi</span> <span class='ocrx_word' id='word_1_287' title='bbox 1193 3925 1285 3978; x_wconf 87' lang='lat' dir='ltr'>flumen</span> <span class='ocrx_word' id='word_1_288' title='bbox 1298 3925 1418 3980; x_wconf 83' lang='lat' dir='ltr'>dividitur</span> <span class='ocrx_word' id='word_1_289' title='bbox 1439 3927 1463 3980; x_wconf 90' lang='lat' dir='ltr'>in</span> <span class='ocrx_word' id='word_1_290' title='bbox 1487 3947 1584 3982; x_wconf 88' lang='lat' dir='ltr'>ramum</span> 
     </span>
     <span class='ocr_line' id='line_1_34' title="bbox 558 4005 1585 4095; baseline 0.002 -34"><span class='ocrx_word' id='word_1_291' title='bbox 558 4007 720 4078; x_wconf 83' lang='lat' dir='ltr'>Tampnis&amp;</span> <span class='ocrx_word' id='word_1_292' title='bbox 741 4025 850 4073; x_wconf 89' lang='lat' dir='ltr'>ramum,</span> <span class='ocrx_word' id='word_1_293' title='bbox 863 4007 905 4076; x_wconf 88' lang='lat' dir='ltr'>qui</span> <span class='ocrx_word' id='word_1_294' title='bbox 922 4006 988 4058; x_wconf 87' lang='lat' dir='ltr'>veuit</span> <span class='ocrx_word' id='word_1_295' title='bbox 1008 4005 1252 4095; x_wconf 58' lang='lat' dir='ltr'>DamiatanipUltra</span> <span class='ocrx_word' id='word_1_296' title='bbox 1270 4023 1331 4058; x_wconf 85' lang='lat' dir='ltr'>vero</span> <span class='ocrx_word' id='word_1_297' title='bbox 1347 4005 1441 4059; x_wconf 84' lang='lat' dir='ltr'>flumen</span> <span class='ocrx_word' id='word_1_298' title='bbox 1457 4010 1585 4063; x_wconf 87' lang='lat' dir='ltr'>Sarraceni</span> 
     </span>
     <span class='ocr_line' id='line_1_35' title="bbox 558 4085 1585 4155; baseline 0 -15"><span class='ocrx_word' id='word_1_299' title='bbox 558 4087 636 4140; x_wconf 81' lang='lat' dir='ltr'>castra</span> <span class='ocrx_word' id='word_1_300' title='bbox 648 4086 736 4140; x_wconf 87' lang='lat' dir='ltr'>metati</span> <span class='ocrx_word' id='word_1_301' title='bbox 749 4085 891 4139; x_wconf 80' lang='lat' dir='ltr'>edificantes</span> <span class='ocrx_word' id='word_1_302' title='bbox 909 4103 1000 4138; x_wconf 81' lang='lat' dir='ltr'>noram</span> <span class='ocrx_word' id='word_1_303' title='bbox 1017 4086 1165 4139; x_wconf 83' lang='lat' dir='ltr'>Damiatatn</span> <span class='ocrx_word' id='word_1_304' title='bbox 1183 4087 1319 4138; x_wconf 80' lang='lat' dir='ltr'>vocabant.</span> <span class='ocrx_word' id='word_1_305' title='bbox 1335 4086 1483 4155; x_wconf 87' lang='lat' dir='ltr'>Postquam</span> <span class='ocrx_word' id='word_1_306' title='bbox 1500 4099 1585 4140; x_wconf 84' lang='lat' dir='ltr'>autem</span> 
     </span>
     <span class='ocr_line' id='line_1_36' title="bbox 558 4165 1585 4236; baseline -0.001 -16"><span class='ocrx_word' id='word_1_307' title='bbox 558 4166 593 4220; x_wconf 93' lang='lat' dir='ltr'>ibi</span> <span class='ocrx_word' id='word_1_308' title='bbox 606 4165 728 4220; x_wconf 81' lang='lat' dir='ltr'>christiani</span> <span class='ocrx_word' id='word_1_309' title='bbox 746 4184 789 4236; x_wconf 92' lang='lat' dir='ltr'>per</span> <span class='ocrx_word' id='word_1_310' title='bbox 806 4166 916 4220; x_wconf 90' lang='lat' dir='ltr'>mensem</span> <span class='ocrx_word' id='word_1_311' title='bbox 934 4165 1035 4220; x_wconf 83' lang='lat' dir='ltr'>fuerunt</span> <span class='ocrx_word' id='word_1_312' title='bbox 1052 4165 1129 4218; x_wconf 89' lang='lat' dir='ltr'>nichil</span> <span class='ocrx_word' id='word_1_313' title='bbox 1148 4178 1252 4235; x_wconf 86' lang='lat' dir='ltr'>agentee</span> <span class='ocrx_word' id='word_1_314' title='bbox 1269 4169 1294 4219; x_wconf 70' lang='grc' dir='ltr'>δι</span> <span class='ocrx_word' id='word_1_315' title='bbox 1307 4167 1425 4221; x_wconf 71' lang='lat' dir='ltr'>timentes</span> <span class='ocrx_word' id='word_1_316' title='bbox 1442 4167 1585 4220; x_wconf 74' lang='lat' dir='ltr'>visiualium</span> 
     </span>
     <span class='ocr_line' id='line_1_37' title="bbox 559 4245 1585 4317; baseline -0.001 -16"><span class='ocrx_word' id='word_1_317' title='bbox 559 4248 678 4317; x_wconf 89' lang='lat' dir='ltr'>inopiam,</span> <span class='ocrx_word' id='word_1_318' title='bbox 691 4245 786 4317; x_wconf 83' lang='lat' dir='ltr'>eligunt</span> <span class='ocrx_word' id='word_1_319' title='bbox 799 4247 890 4300; x_wconf 86' lang='lat' dir='ltr'>secrete</span> <span class='ocrx_word' id='word_1_320' title='bbox 903 4245 989 4301; x_wconf 87' lang='lat' dir='ltr'>redire.</span> <span class='ocrx_word' id='word_1_321' title='bbox 1003 4245 1052 4298; x_wconf 87' lang='lat' dir='ltr'>Sed</span> <span class='ocrx_word' id='word_1_322' title='bbox 1065 4245 1193 4299; x_wconf 84' lang='lat' dir='ltr'>Sarraceni</span> <span class='ocrx_word' id='word_1_323' title='bbox 1206 4263 1297 4316; x_wconf 85' lang='lat' dir='ltr'>aquam</span> <span class='ocrx_word' id='word_1_324' title='bbox 1314 4246 1422 4300; x_wconf 70' lang='lat' dir='ltr'>fluminis</span> <span class='ocrx_word' id='word_1_325' title='bbox 1435 4247 1585 4300; x_wconf 79' lang='lat' dir='ltr'>induxerunt</span> 
     </span>
    </p>
   </div>
   <div class='ocr_carea' id='block_1_9' title="bbox 0 0 1871 5620">
    <p class='ocr_par' dir='ltr' id='par_1_11' title="bbox 0 0 1871 5620">
     <span class='ocr_line' id='line_1_38' title="bbox 0 0 1871 5620; baseline 0 0"><span class='ocrx_word' id='word_1_326' title='bbox 0 0 1871 5620; x_wconf 95' lang='lat' dir='ltr'> </span> 
     </span>
    </p>
   </div>
  </div>
 </body>
</html>
