3726 5628
353 605 354 610 κ
433 571 529 664 ¹05·
568 539 776 662 Coesorius
797 539 1153 672 Heiflerhaceafis.
1223 571 1300 663 173

275 799 494 865 rationabiliter
518 802 719 884 computavit,
737 817 771 864 ut
795 821 920 864 omnem
943 799 1089 885 episcopo
1111 801 1235 866 tolleret
1250 799 1308 864 sus·

277 889 442 972 picionem.
457 889 600 954 Habebat
612 891 696 953 enim
718 890 823 952 omnia
837 905 942 953 notata
956 890 986 952 in
1001 889 1126 952 cartula.
1150 889 1309 953 Sciscitan-

277 975 358 1040 tibus
368 978 592 1043 accusatoribus
607 978 645 1042 de
659 979 901 1061 computatione,
911 998 984 1041 cum
1004 976 1165 1062 episcopus
1184 978 1309 1062 respon-

276 1061 373 1144 disset,
387 1068 505 1151 optime
519 1068 730 1152 computavit3
751 1067 893 1130 dixerunt
908 1066 950 1129 illi
966 1088 973 1129 :
993 1067 1242 1150 ‹Nequaquam3
1259 1067 1307 1130 sed

279 1179 292 1212 e
304 1171 464 1239 computet
474 1157 563 1222 nobis
573 1157 776 1236 audientibus,
787 1155 817 1219 δι
828 1157 1029 1219 convincetur
1040 1157 1209 1218 maximum
1219 1157 1308 1221 vobis

279 1242 451 1308 «damnum
461 1244 628 1311 intulisse.»
644 1245 741 1334 Quod
756 1246 867 1308 cumei
879 1246 1054 1308 intimatum
1068 1241 1167 1308 fuisset
1181 1245 1218 1307 ab
1230 1245 1308 1330 epis-

277 1353 369 1416 copo,
382 1333 434 1396 ille
448 1336 559 1400 timens
574 1334 749 1398 emulorum
770 1333 899 1414 insidias,
913 1335 1046 1398 maxime
1068 1335 1141 1418 quia
1160 1334 1309 1398 cartulam

278 1421 461 1504 perdiderat,
474 1425 517 1488 ait
530 1425 609 1488 intra
623 1423 651 1488 se
666 1445 673 1487 :
691 1450 703 1482 ι
719 1423 749 1488 Si
765 1423 880 1508 aliquid
906 1424 1000 1485 modo
1023 1423 1054 1485 in
1076 1424 1308 1505 computatione

279 1511 484 1593 «titubavero,
494 1511 611 1576 necesse
622 1514 682 1579 erit
691 1537 740 1576 me
752 1512 801 1575 vel
812 1514 843 1575 in
854 1533 986 1596 corpore
997 1514 1140 1596 torqueri,
1148 1510 1198 1574 vel
1205 1533 1310 1576 carce·

279 1601 341 1662 «ris
355 1598 494 1684 squalore
509 1601 602 1686 usque
621 1603 658 1665 ad
674 1619 807 1666 mortem
821 1601 961 1665 cruciari.
981 1621 994 1659 r
1010 1597 1197 1663 lmmiffione
1216 1602 1310 1685 igitur

276 1685 402 1767 diaboli,
423 1691 510 1752 cuius
531 1690 673 1754 instine’ru
687 1691 725 1754 ab
741 1689 850 1754 invidis
866 1687 1001 1751 indebite
1026 1689 1201 1767 vexabatur,
1226 1708 1311 1750 cam-

277 1797 350 1859 pum
365 1775 445 1842 solus
459 1779 593 1858 intravit,
604 1779 762 1864 ipsumque
783 1777 941 1841 diabolum
964 1780 1127 1857 advocans,
1145 1777 1185 1840 stc
1202 1776 1310 1840 astatur

277 1862 398 1927 dicens:
417 1890 429 1922 ι
445 1863 595 1946 Domine,
609 1867 630 1930 sr
644 1868 718 1929 mibi
736 1867 916 1930 succurreris
927 1867 959 1928 in
974 1881 1058 1930 tauta
1068 1866 1240 1928 necesiitate
1251 1886 1309 1947 po·

280 1951 368 2032 «sito,
381 1955 555 2017 hominium
567 1957 621 2019 tibi
634 1956 753 2036 seciam,
767 1955 798 2019 dr
809 1957 839 2018 in
852 1955 995 2019 omnibus
1008 1955 1156 2036 parebo.»
1170 1953 1231 2019 Cui
1244 1953 1309 2016 dia-

277 2038 365 2102 bolus
389 2040 561 2124 respondit:
588 2041 651 2107 «si
676 2044 941 2106 abrenunciaveris
967 2041 1132 2122 Altisiimo,
1160 2043 1310 2124 matrique

278 2125 395 2207 «illius,
409 2145 438 2191 te
450 2128 616 2213 suscipiam,
630 2131 660 2195 δι
673 2132 711 2193 de
727 2131 870 2194 omnibus
886 2129 1030 2213 periculis
1045 2150 1117 2193 cum
1132 2128 1229 2191 multa
1240 2143 1311 2192 tuo-

279 2235 372 2278 ‹rum
386 2216 564 2281 confusione
578 2218 753 2283 emulorum
768 2240 846 2282 ame
858 2218 1043 2282 liberaberis.
1057 2243 1069 2276 ›
1093 2217 1182 2368 quid
1199 2214 1308 2300 plura?

277 2305 490 2369 Abrenunciat
503 2307 591 2370 miser
606 2307 739 2386 Christo,
753 2309 928 2370 hominium
942 2307 1113 2370 sacitdiabo
1128 2329 1157 2386 o,
1166 2305 1309 2390 prospere

277 2391 410 2456 succedit
424 2397 625 2478 computatio.
645 2396 697 2460 Ab
711 2394 765 2458 illo
781 2413 919 2479 ternpore
940 2397 1023 2478 cepit
1043 2395 1157 2458 diaboli
1182 2395 1309 2457 virtutes

277 2481 480 2565 magnificare,
495 2484 651 2548 Christum
673 2484 891 2568 blasphemare,
905 2484 982 2566 adeo
998 2499 1031 2546 ut
1053 2484 1190 2546 diceret:
1211 2508 1224 2540 ‹
1240 2481 1308 2570 Qui

279 2596 292 2629 ι
304 2570 436 2634 serviunt
445 2571 529 2651 Deo,
541 2572 638 2636 miseri
650 2573 718 2636 sunt
728 2572 757 2635 dt
768 2589 860 2656 egent
865 2600 874 2650 3
889 2574 942 2657 qui
957 2589 1059 2635 autem
1075 2572 1193 2654 sperant
1203 2571 1233 2633 in
1245 2571 1310 2632 dia·

279 2658 388 2739 «bolo,
408 2659 557 2743 prosperis
579 2659 754 2725 successibus
772 2660 942 2744 gaudent.»
966 2657 1008 2722 Et
1022 2659 1096 2723 sicut
1117 2660 1192 2722 mihi
1206 2657 1311 2721 retulit
1404 2675 1407 2682 ’

277 2746 449 2812 Bernardus
472 2749 642 2812 monachus
666 2749 778 2828 noster,
792 2749 844 2833 qui
866 2769 938 2810 eum
957 2763 1031 2812 tunc
1053 2748 1199 2830 temporis
1213 2745 1310 2826 novit,
1372 2754 1376 2772 ¹
1499 2823 1502 2832 Ι

277 2836 319 2898 ita
338 2851 420 2900 totus
438 2835 559 2899 deditus
583 2853 648 2899 erat
668 2837 784 2900 artibus
809 2836 946 2920 magicis,
960 2852 995 2900 ut
1013 2834 1033 2898 sr
1055 2836 1189 2920 aliquem
1213 2832 1310 2900 doffet

276 2924 443 2988 scholarem
464 2925 598 2987 eiusdem
612 2925 780 3008 discipline,
793 2926 927 2988 nummis
941 2945 1013 2988 eum
1028 2924 1242 3006 redimeretur
1255 2924 1311 2986 ali·

277 3013 350 3098 quid
361 3014 400 3077 ab
415 3012 468 3076 illo
486 3013 599 3077 discere
620 3012 723 3098 posset
748 3013 814 3102 Qui
838 3035 910 3077 cum
931 3014 1074 3079 undecim
1096 3015 1182 3078 annis
1197 3015 1228 3078 in
1253 3016 1310 3076 hac

277 3101 461 3186 blasphemia
476 3101 694 3185 perseverasset,
708 3104 820 3167 accidit
841 3119 875 3166 ut
896 3101 1035 3186 magister
1055 3103 1202 3170 Oliverus
1224 3103 1311 3166 scho-

276 3191 395 3256 lasticus
410 3191 603 3257 Coloniensrs
625 3195 656 3257 in
672 3193 849 3277 episcopatu
864 3189 1055 3256 Traiesiensr
1067 3213 1192 3255 crucem
1207 3193 1311 3276 predi·

275 3297 366 3344 caret.
381 3280 480 3346 Cuius
488 3283 688 3364 predicationi
701 3281 752 3344 ille
767 3283 797 3344 in
813 3297 932 3344 tantum
946 3280 1106 3362 restitit,ut
1117 3283 1166 3344 die
1177 3282 1310 3366 quadam

275 3387 452 3436 commotus
475 3371 623 3438 Oliverus
648 3371 765 3436 diceret
793 3373 821 3434 ei
841 3373 872 3434 in
884 3374 1039 3436 audientia
1062 3373 1155 3436 totius
1181 3371 1308 3455 populi:

279 3460 395 3525 «Tace
420 3459 537 3524 inselix.
562 3460 626 3524 Vas
648 3462 730 3524 enim
755 3460 869 3524 diaboli
897 3483 939 3541 es,
957 3460 1146 3526 &diabolus
1171 3460 1310 3544 loquitur

281 3577 294 3610 e
308 3571 362 3634 per
378 3571 412 3614 os
425 3565 512 3612 tuum
518 3577 528 3627 ;
540 3575 551 3606 ι
562 3570 634 3612 cum
646 3566 747 3613 tamen
760 3547 869 3612 statum
881 3550 946 3614 eius
958 3551 1121 3635 ignoraret.
1137 3548 1307 3613 Everwach

276 3639 397 3704 nullum
411 3639 559 3702 arbitrans
570 3639 682 3723 gratius
696 3637 877 3722 obsequium
891 3637 919 3701 se
935 3636 1017 3721 posse
1040 3637 1167 3721 prestare
1182 3637 1309 3701 domino

142 3745 175 3804 11,
186 3762 208 3808 p.
219 3758 266 3808 334
277 3730 340 3810 suo,
353 3749 446 3814 quarn
461 3743 495 3790 ut
510 3727 670 3790 inimicum
691 3729 755 3791 eius
770 3727 934 3808 occideret,
955 3728 1049 3790 tribus
1074 3727 1180 3791 diebus
1205 3727 1242 3788 ad
1264 3726 1310 3789 di·

276 3819 374 3882 versas
387 3816 531 3880 stationes
546 3815 666 3880 secutus
680 3815 723 3878 est
737 3816 925 3900 magistrum,
940 3817 1033 3900 longo
1049 3817 1085 3880 ad
1101 3818 1161 3880 hoc
1182 3814 1309 3878 cultello

276 3924 448 3996 preparato,
463 3905 652 3970 transfodere
676 3905 763 3969 illum
786 3905 1007 3992 proponenssr
1029 3910 1108 3971 sorte
1132 3905 1192 3970 sine
1213 3903 1309 3967 turbis

276 3995 472 4061 inveniretur.
484 3995 526 4062 Et
536 4020 609 4062 ecce
620 4000 767 4062 tertiadie
778 3997 873 4060 subita
887 3996 1064 4061 infirmitate
1076 4010 1310 4080 preoccupatus,

278 4085 344 4169 post
365 4108 479 4171 paucos
493 4087 559 4152 dies
575 4089 758 4171 impenitens
779 4087 941 4151 defunditis
963 4086 1015 4167 est,
1036 4088 1066 4150 dt
1088 4087 1192 4165 abeo,
1216 4085 1266 4147 cui
1281 4082 1309 4145 se

277 4172 458 4256 reddiderat,
472 4179 509 4240 ad
528 4176 597 4240 loca
612 4199 759 4260 penarum
781 4177 930 4241 deductus
944 4177 995 4239 est.
1018 4175 1123 4240 Primo
1142 4176 1223 4253 loco,
1237 4171 1310 4236 sicut

277 4263 339 4351 ipse
353 4263 508 4352 resurgens
529 4289 547 4331 a
573 4269 701 4332 mortuis
726 4265 875 4332 consessus
903 4265 945 4331 est
972 4262 1102 4328 iohanni
1132 4260 1308 4327 scholastico
