3656 5648
552 517 633 607 108
715 514 960 645 ‘sessimonic
981 515 1023 604 ιἰι
1054 511 1194 605 Gallia
1204 513 1386 640 scripto.

361 765 366 784 ’
471 803 529 850 1219
541 787 613 845 parte
625 772 754 844 sagaciter,
774 772 902 839 intellexit,
918 773 976 843 quia
994 773 1213 843 comprehensibile
1225 791 1276 828 non
1289 785 1350 828 erat.
1370 775 1473 844 Insuper
1485 765 1569 826 Tem-

541 855 632 924 plarios
656 855 689 906 ad
708 870 783 906 ornne
805 853 942 923 periculum
961 865 1062 924 paratos
1076 853 1179 918 invenit,
1201 855 1244 924 qui
1259 855 1367 909 caslrum
1380 854 1568 908 vidualibus&

540 933 610 986 omni
622 945 750 985 armatura
762 932 864 984 fortium
878 931 1024 985 sufficienter
1037 933 1189 987 munierant.

576 1014 675 1066 Eodem
686 1025 799 1082 tempore
808 1013 948 1082 Templarij
960 1012 1069 1065 latrones
1080 1016 1260 1066 Saracenorum
1271 1016 1304 1066 ab
1312 1014 1407 1066 Achon
1416 1013 1569 1082 repulerunt,

541 1093 641 1146 viriliter
660 1093 801 1146 occidendo
813 1092 944 1162 quosdam,
966 1092 1028 1144 alios
1046 1093 1205 1162 captivando.
1227 1093 1382 1148 Corradinus
1401 1105 1486 1145 autem
1500 1093 1570 1144 auxi-

540 1174 601 1225 lium
615 1172 756 1242 poslulabat
768 1190 783 1223 a
794 1172 930 1238 Saracenis,
955 1183 982 1224 ut
995 1174 1028 1224 ab
1040 1183 1098 1224 ortu
1110 1173 1165 1226 solis
1175 1175 1304 1228 venientes
1315 1174 1456 1227 obsiderent
1466 1172 1570 1238 Achon,

541 1252 611 1323 quod
634 1251 732 1306 efficere
752 1270 802 1305 non
821 1264 936 1322 poterant
954 1266 1055 1321 propter
1068 1253 1245 1306 inexorabilem
1260 1254 1409 1306 discordiam
1428 1254 1569 1322 principum

542 1347 606 1386 terre
624 1333 734 1402 ipsorum
754 1331 890 1384 christianis
910 1331 1044 1401 plurimum
1056 1343 1235 1402 opportunam,
1257 1351 1334 1403 quam
1349 1332 1470 1404 Caliphur
1483 1349 1570 1386 eorum

544 1415 616 1483 Papa
629 1413 730 1483 sepelire
742 1412 883 1464 laborabat.
1296 1426 1298 1438 ·

544 1629 592 1696 93.
614 1612 661 1674 Dc
685 1611 819 1693 legatione
838 1609 1060 1692 Georgicnorum
1080 1611 1121 1672 ad
1138 1612 1240 1691 nostros
1261 1609 1464 1674 admirantium
1477 1612 1571 1702 super

916 1708 1040 1790 captione
1054 1707 1201 1770 Dumiate.

580 1896 626 1948 Ad
640 1896 687 1947 lrec
699 1893 767 1946 sama
776 1893 913 1946 discurrens
927 1911 971 1963 per
984 1905 1067 1947 totum
1081 1895 1168 1947 orbern
1183 1895 1329 1948 Damiatam
1343 1913 1358 1947 a
1374 1895 1509 1948 christianis
1523 1895 1574 1950 effe
1619 1917 1777 1970 Pseudo-lac,

545 1974 759 2044 comprehensam,
784 1973 989 2042 Georgianorum
1011 1972 1105 2025 litteras
1125 1973 1157 2024 ad
1183 1974 1261 2025 casira
1284 1974 1468 2027 catholicorum
1495 1975 1573 2027 trans·
1587 1979 1740 2042 ssplarim,
1755 1979 1795 2032 111,

547 2053 612 2105 mitti
625 2050 748 2123 persuasit,
770 2053 795 2105 in
809 2052 902 2122 quibus
916 2054 1101 2117 continebatur,
1118 2053 1187 2121 quud
1203 2052 1333 2122 indignata
1348 2071 1410 2122 gem
1425 2053 1466 2106 illa
1478 2054 1517 2106 rel
1531 2071 1574 2106 ex-
1657 2055 1727 2099 ¹¹41·

546 2134 623 2186 citata
637 2134 742 2196 rubore,
763 2147 822 2202 rege
839 2149 925 2184 eorum
946 2143 1103 2184 convocante
1122 2132 1244 2202 principes
1264 2133 1374 2185 decrerit
1394 2135 1418 2184 dr
1439 2133 1529 2185 iuravit
1550 2133 1574 2187 se

533 2219 535 2224 ’
547 2211 699 2266 obsessurum
715 2211 835 2263 famosam
846 2213 957 2280 aliquam
972 2211 1099 2264 civitatem
1113 2215 1293 2264 Saracenorum
1309 2212 1429 2282 allegans,
1449 2211 1492 2265 srbi
1505 2231 1574 2267 rere·

548 2293 660 2345 cundum
672 2289 730 2355 effe,
742 2291 811 2360 quod
821 2291 911 2344 Franci
921 2293 953 2343 de
962 2291 1130 2344 transmarinis
1143 2292 1255 2360 partibus
1266 2292 1394 2344 &ultimis
1409 2303 1474 2344 terre
1483 2291 1574 2347 sinibus

549 2372 674 2425 venientes
688 2389 731 2440 pcr
744 2387 813 2423 mare
832 2371 967 2440 spaciosum
981 2370 1094 2438 periculis
1107 2371 1219 2439 plenum,
1239 2383 1292 2424 tam
1307 2372 1426 2423 munitam
1445 2371 1574 2427 civitatem

548 2451 760 2518 obsrdionelonga
769 2448 896 2519 cepissent,
905 2449 1199 2519 nisr&ipsr,quibuserat
1209 2450 1429 2520 sacilius‚persidos
1438 2452 1575 2522 impugna·
1616 2481 1765 2528 Pseudo&-

548 2544 611 2596 rent‚
620 2534 644 2582 tr
653 2531 808 2583 Damascum
818 2529 856 2581 vel
864 2529 940 2581 alium
951 2529 1034 2582 locum
1045 2530 1202 2581 nominatum
1211 2530 1302 2582 virtute
1311 2543 1429 2600 raperent
1438 2546 1574 2586 armorum.
1588 2543 1644 2606 ffifl.
1656 2546 1742 2600 edm,
1754 2515 1795 2598 Ill,

549 2613 612 2663 Sunt
628 2609 703 2678 igitur
717 2611 855 2678 Georgianl
868 2610 976 2662 cultores
990 2609 1089 2674 Christi,
1103 2609 1177 2661 ritum
1190 2610 1310 2662 habentes
1326 2611 1476 2676 Grecorum,
1495 2610 1575 2666 Persis
1658 2619 1728 2665 ¹¹42

548 2691 633 2772 vicini,
656 2676 733 2758 longo
755 2701 875 2742 terrarum
895 2689 976 2741 tradlu
995 2707 1010 2740 a
1031 2691 1115 2741 Terra
1130 2688 1298 2743 Promillionis
1320 2689 1445 2755 distantes,
1467 2709 1575 2761 quorum
1590 2688 1611 2732 Ρ·
1627 2669 1686 2727 ¹²⁶⁵

549 2769 688 2825 dominium
711 2769 788 2820 modo
811 2769 953 2821 extenditur
976 2768 1052 2838 usque
1076 2769 1110 2820 ad
1128 2769 1233 2837 Caspios
1256 2783 1366 2836 monter;
1392 2769 1498 2823 bellicosi
1521 2772 1577 2828 sunt

550 2852 662 2905 homines
681 2850 802 2901 habentes
816 2847 925 2900 rasuram
948 2847 1069 2917 incapite
1086 2847 1168 2900 clerici
1181 2850 1325 2915 rotundam,
1348 2849 1406 2902 laici
1417 2852 1577 2919 quadratam.

551 2931 673 2984 Mulieres
686 2945 773 2981 eorum
793 2928 911 2999 equestris
928 2927 1023 2979 ordinis
1044 2929 1118 2980 dodle
1132 2928 1186 2980 sunt
1200 2928 1233 2980 ad
1247 2929 1361 2998 prelium.
1387 2930 1512 2983 Homines
1532 2933 1577 3002 isli,

550 3011 652 3080 quando
664 3009 784 3061 ordinatis
805 3008 906 3059 aciebus
922 3007 1003 3059 hostes
1017 3007 1071 3059 sunt
1085 3007 1233 3078 aggressuri,
1254 3009 1403 3078 pugillarem
1419 3013 1577 3065 cucurbitam

550 3091 669 3160 repletam
687 3089 746 3142 vino
764 3103 827 3156 puro
841 3087 951 3139 velocius
969 3086 1084 3152 ebibunt,
1105 3089 1128 3140 br
1144 3087 1225 3140 statim
1238 3087 1391 3140 adversarios
1405 3089 1461 3142 suos
1475 3091 1579 3145 viriliter

549 3171 681 3224 invadunt.
694 3167 902 3236 Computandum
912 3180 997 3219 autern
1008 3166 1056 3219 esse
1065 3184 1115 3219 non
1124 3168 1270 3220 dubitamus
1281 3168 1345 3220 inter
1356 3170 1476 3224 beneficia
1488 3173 1578 3225 tutoris

550 3251 624 3303 nostri
644 3249 698 3302 lesu
713 3249 812 3314 Christi,
834 3247 893 3316 quia
908 3247 1010 3300 siccariis
1031 3247 1218 3316 persecutorum
1239 3247 1345 3301 maiores
1357 3250 1453 3303 noslros
1465 3251 1578 3305 defendit

549 3334 574 3384 in
588 3332 715 3386 obsidione
733 3331 857 3384 Damiate.
878 3329 1003 3382 Usrtatum
1024 3329 1143 3396 siquidem
1164 3329 1293 3382 habebant
1305 3330 1429 3384 Asseffeni
1446 3335 1470 3383 ss
1489 3347 1577 3384 eorum

550 3427 681 3486 preceptor
694 3411 800 3464 Vetulus
813 3413 845 3462 de
860 3410 1002 3475 Montanis,
1023 3409 1135 3462 cultellos
1157 3409 1270 3462 emittere
1282 3424 1371 3464 contra
1385 3412 1529 3465 chrislianos
1544 3414 1577 3465 ad

550 3493 754 3565 intercipiendam
776 3491 854 3544 vitam
877 3507 974 3556 eorum,
998 3489 1040 3559 qui
1066 3490 1196 3559 negotium
1221 3490 1410 3544 Christianitatis
1434 3493 1577 3562 propensius

551 3575 728 3647 procurabant.
750 3574 817 3626 Nam
830 3571 854 3623 in
864 3583 1008 3640 treugarum
1022 3583 1135 3638 tempore
1147 3569 1224 3622 silium
1235 3569 1388 3638 Tripolitani
1401 3571 1500 3624 comitis
1514 3575 1576 3625 ado·

550 3659 682 3711 lescentem
702 3652 860 3722 spedlabilem
881 3651 906 3703 in
931 3650 1032 3703 ecclesia
1055 3651 1127 3701 beate
1144 3649 1251 3719 Virginis
1269 3650 1336 3720 apud
1357 3651 1494 3704 Tortosam
1516 3667 1576 3707 ante

551 3738 629 3788 altare
651 3736 856 3804 procumbentem
880 3731 995 3800 nequiter
1016 3730 1201 3783 interfecerunt.
1226 3731 1301 3784 Unde
1322 3731 1408 3784 militia
1428 3733 1512 3802 templi
1526 3751 1577 3786 non

551 3817 652 3870 cessavit
671 3833 714 3868 eos
729 3812 840 3883 persequi
857 3830 903 3882 pro
924 3825 977 3864 tarn
992 3810 1105 3880 religiosa
1118 3811 1262 3875 violatione,
1284 3811 1368 3864 donec
1388 3812 1578 3866 humiliarentur

552 3899 679 3969 usquead
699 3897 840 3948 servitutem
861 3893 963 3956 tributi5
982 3891 1029 3944 tria
1050 3908 1159 3959 namque
1178 3889 1340 3942 bisantiorum
1359 3889 1433 3942 millia
1446 3895 1577 3946 annuatim

551 3980 580 4031 Τ
581 3977 705 4048 emplariis
718 3976 870 4046 persolvunt.

588 4057 706 4111 Eiusdem
720 4056 855 4109 obsidionis
875 4068 988 4123 tempore
1001 4067 1043 4105 rex
1059 4052 1182 4104 Armenio
1197 4054 1266 4106 Leuo
1279 4051 1413 4105 desundlus
1425 4051 1459 4104 est
1472 4050 1496 4102 in
1512 4063 1579 4103 terra

553 4141 605 4192 sua.
622 4140 743 4191 Mortuus
756 4137 790 4189 esl
803 4153 904 4206 quoque
918 4133 1039 4187 Soldanus
1055 4133 1148 4200 lconij3
1167 4133 1210 4203 qui
1223 4132 1330 4186 creditur
1343 4131 1484 4201 baptizatus
1498 4129 1578 4196 fuisse,

553 4220 596 4289 qui
622 4229 691 4270 tante
717 4215 876 4285 benignitatis
899 4227 952 4279 erat
978 4214 1002 4264 in
1023 4211 1176 4277 christianos,
1203 4225 1231 4266 ut
1254 4229 1370 4282 guerram
1395 4213 1489 4264 babens
1515 4227 1575 4263 curn

555 4297 683 4353 Saracenis
696 4297 754 4351 solri
768 4297 862 4350 iuberet
876 4293 965 4348 christi
978 4293 1101 4362 cultores;
1121 4309 1185 4362 quos
1197 4292 1338 4346 vinculatos
1352 4291 1446 4345 invenit
1458 4291 1483 4344 in
1498 4291 1578 4344 muni·
