3622 5620
368 515 472 636 98a.
508 511 770 606 Barchordus
802 511 1089 642 Bideracerzfts.
1162 545 1246 636 339

720 881 764 946 lV

255 1081 566 1172 resrrorowsr
594 1083 664 1170 ra<
687 1083 974 1174 cremamur
999 1083 1206 1175 seruarat.

669 1270 805 1347 *ἧς*

326 1483 372 1577 98
381 1510 406 1550 o.
434 1481 689 1552 Burrcuunous
715 1481 981 1554 brinnacensis
1007 1497 1040 1563 (rs
1059 1501 1147 1565 ηπ),

637 1659 816 1726 Chronicon.

501 1846 592 1912 [Perta
605 1846 673 1898 Mon.
688 1847 780 1910 Germ,
792 1848 842 1911 SS,
855 1849 963 1912 mu]

725 2003 743 2046 ss

122 2165 145 2238 p.
160 2179 204 2239 378
259 2161 352 2222 Anno
368 2157 497 2222 Domini
514 2173 597 2239 1²¹7·
612 2153 678 2218 lam
693 2156 845 2240 tepescere
863 2174 1013 2240 ceperunt
1037 2159 1243 2242 predicatores
1260 2191 1318 2234 1217

218 2248 332 2311 itineris
356 2243 614 2309 Hierosolimitani
648 2261 771 2327 propter
801 2261 932 2309 mortem
956 2243 1128 2330 Innocentij
1155 2269 1242 2331 pape.

218 2336 294 2399 Sane
321 2335 481 2418 episcopus
507 2330 756 2396 Halberstatensrs
783 2333 812 2396 δι
836 2331 974 2416 magister
996 2334 1179 2399 Cuonradus
1204 2335 1242 2399 de

219 2423 369 2488 Marburc
383 2425 415 2484 in
430 2422 623 2485 inferioribus
644 2424 777 2504 partibus
792 2423 822 2486 ἃ
842 2421 981 2505 magister
996 2421 1140 2486 Salomon
1160 2425 1243 2488 Her·

218 2507 378 2591 bipolensrs
402 2512 432 2572 in
458 2508 659 2593 superioribus
690 2509 789 2572 adhuc
815 2506 984 2572 insistebant
1004 2510 1076 2572 huic
1108 2513 1241 2594 negotio.

218 2597 375 2660 Honorius
387 2621 511 2682 quoque
523 2620 600 2680 papa
615 2601 646 2661 in
661 2600 784 2661 civitate
802 2597 944 2660 Romana
959 2597 1172 2679 predicabat&
1187 2599 1242 2663 tes-

217 2684 386 2749 tificabatur
400 2687 430 2748 in
452 2683 513 2767 ipsa
528 2685 577 2747 sua
599 2685 817 2768 predicatione,
835 2688 918 2770 quod
934 2702 1073 2770 tempore
1087 2686 1128 2749 sui
1144 2687 1241 2751 sacer-

217 2775 292 2858 dotij
318 2777 525 2857 recuperanda
550 2773 621 2839 esset
646 2797 663 2838 a
692 2773 861 2838 christianis
885 2777 992 2838 civitas
1020 2775 1242 2860 Hierosolyma,

216 2865 299 2947 quod
322 2885 359 2926 ex
375 2864 426 2927 tali
449 2866 590 2948 prodigio
605 2865 725 2928 dicebat
740 2860 792 2926 fibi
808 2865 959 2927 constare:
977 2862 1073 2950 Quia,
1084 2886 1155 2928 cum
1167 2866 1242 2930 olim

216 2948 314 3014 suisset
328 2968 509 3035 procurator
524 2950 679 3014 cuiusdam
698 2952 869 3030 cardinalis,
890 2949 998 3015 Iacinti
1023 2953 1175 3033 videlicet,
1189 2956 1240 3038 qui

217 3039 411 3121 postmodum
423 3041 479 3102 suit
495 3039 665 3104 Celeslinus
680 3061 768 3122 papa,
782 3041 921 3123 contigit,
935 3057 969 3102 ut
980 3042 1061 3103 idem
1076 3038 1210 3106 lacintus
1225 3065 1242 3105 a

217 3127 379 3191 Clemente
402 3150 480 3211 papa
500 3130 671 3192 mitteretur
696 3129 727 3190 in
742 3127 894 3211 legatione
908 3129 945 3190 ad
966 3145 1065 3212 partes
1081 3130 1240 3213 Hispania-

216 3237 297 3292 rum3
315 3238 448 3300 cumque
463 3217 490 3278 se
506 3232 679 3299 prepararet
693 3217 729 3278 ad
747 3216 846 3280 iter&
861 3238 925 3279 non
938 3217 1064 3281 haberet
1088 3221 1241 3300 pecunias,

217 3302 295 3367 misit
309 3305 485 3368 Honorium
501 3320 732 3387 procuratorem
747 3304 842 3384 suum,
852 3305 903 3388 qui
920 3320 992 3367 tunc
1008 3306 1143 3370 Cencius
1157 3309 1241 3371 dice-

217 3393 313 3471 batur,
336 3413 390 3475 per
410 3395 565 3458 civitatem
587 3393 772 3472 Romanam,
787 3409 936 3476 quatenus
955 3410 1063 3456 mutuo
1088 3394 1241 3476 acciperet

216 3481 268 3544 srbi
292 3482 436 3564 pecunias
462 3504 517 3564 pro
532 3478 668 3565 expensis
690 3481 770 3544 &ad
786 3484 1011 3565 expediendum
1032 3486 1088 3547 iter
1109 3481 1240 3546 necessa·

215 3571 284 3634 rias.
300 3571 444 3653 Cumque
465 3570 502 3633 ad
519 3570 618 3653 plures
641 3573 808 3653 requireret
833 3572 986 3653 pecunias,
998 3573 1138 3654 contigit,
1152 3587 1185 3634 ut
1208 3572 1239 3634 in

216 3658 349 3742 quodam
364 3658 434 3720 loco
449 3657 501 3721 fibi
518 3657 571 3720 soli
593 3659 676 3721 eunti
692 3658 721 3721 δι
740 3657 912 3722 sollicitanti
928 3677 1100 3723 occurreret
1115 3661 1238 3744 quidam

215 3748 260 3808 vir
278 3748 457 3830 grandevus,
482 3747 666 3808 reverendus
691 3745 930 3810 &honorabilis
954 3749 984 3810 in
1009 3748 1144 3830 persona.
1171 3746 1239 3896 qui

216 3836 289 3897 dum
303 3850 445 3918 quereret
458 3835 496 3897 ab
510 3857 558 3914 eo,
576 3856 670 3918 quare
684 3851 747 3896 tam
763 3834 907 3897 sollicitus
929 3835 958 3898 δι
972 3837 1078 3898 anxius
1102 3836 1193 3898 ambu
1207 3858 1239 3899 a·

215 3939 261 3987 ret
283 3945 336 4006 per
354 3925 447 4002 viam,
465 3923 584 3986 causam
604 3923 719 3986 itineris
744 3921 784 3983 sui
806 3921 982 4005 srgnisicavit
1009 3923 1118 3987 eidem.
1143 3924 1238 3987 Tunc

215 4013 266 4076 ille
290 4011 445 4096 respondit
467 4011 518 4075 fibi
541 4013 663 4074 dicens:
688 4010 891 4090 «Revertere,
912 4013 984 4096 quia
1005 4012 1147 4076 dominus
1169 4029 1238 4077 tuus

217 4117 378 4183 «tempore
392 4099 447 4164 isto
462 4122 524 4163 non
543 4100 599 4162 ibit
616 4101 647 4162 in
664 4099 849 4182 Hispaniam.
865 4125 877 4156 ι
904 4101 965 4165 Cui
981 4099 1115 4165 Cencius
1130 4102 1238 4164 ammi·

214 4210 281 4252 rans
296 4188 468 4271 respondit:
482 4214 495 4248 ‹
511 4186 684 4273 Quomodo
698 4187 770 4265 hoc,
785 4202 870 4269 pater
885 4188 975 4266 bone,
990 4189 1103 4269 poteris
1118 4187 1234 4250 scires»

216 4279 277 4344 Cui
301 4276 353 4340 ille
377 4277 545 4360 respondit:
568 4273 643 4338 ‹Ita
662 4275 733 4339 scias
748 4275 808 4340 hoc
826 4274 883 4339 else
905 4296 1020 4356 verum,
1033 4273 1108 4338 sicut
1131 4297 1235 4339 verum
