3726 5628
569 579 662 670 ¹45·
698 548 895 640 lohannes
916 546 1088 642 Herold.
1255 582 1337 674 203

318 809 455 872 colorem
474 807 587 896 quesita
608 812 714 894 magis,
738 832 830 894 quam
845 811 876 874 iii
891 813 993 874 animo
1009 814 1087 895 regis
1102 814 1231 875 fuerunt.
1248 814 1343 876 Deles

318 899 400 962 enim
415 900 494 983 apud
510 901 682 979 Acconem,
695 921 798 962 rerum
813 902 941 964 omnino
953 901 1029 963 nihil
1044 923 1145 984 agam,
1159 917 1205 965 ter
1220 919 1343 985 quater-

319 1010 378 1072 que
388 1003 523 1068 vocatus,
534 988 667 1051 reditum
676 989 714 1051 ad
724 988 900 1051 Damiatam
912 992 1042 1074 negavit.
1056 989 1163 1076 Quare
1175 991 1298 1070 fastum,
1310 1007 1345 1054 ut

318 1093 466 1160 quantum
477 1077 573 1140 letitie
583 1099 621 1139 ex
629 1079 799 1161 urbecapta
808 1078 968 1140 Honorius
979 1101 1056 1161 papa
1067 1076 1213 1158 hausisset,
1225 1095 1343 1142 tantum

318 1165 484 1228 tristitie&
508 1166 640 1229 duorum
668 1161 1152 1229 hominuffi‘bbstinatisfimorum
1177 1168 1344 1231 ambitione

318 1255 501 1336 conciperet.
523 1255 575 1317 Ne
596 1254 687 1338 igitur
700 1254 867 1338 respublica
886 1254 1000 1339 aliquid
1017 1255 1193 1319 detrimenti
1211 1272 1343 1338 caperet,

204 1403 208 1418 ,
241 1403 245 1420 ι
317 1338 465 1403 loannem
482 1343 676 1421 cardinalem,
693 1365 730 1405 ex
742 1344 855 1406 familia
866 1340 1130 1423 Columnenlium,
1146 1344 1342 1407 successorem

180 1419 263 1514 plus}
318 1429 440 1513 Pelagio
455 1431 565 1493 iterum
579 1433 682 1520 mittit,
697 1433 749 1515 qui
765 1430 986 1512 Genuensium,
1001 1433 1206 1512 Venetorum,
1221 1431 1343 1495 Pisano·

317 1522 445 1602 r'qutie
456 1512 627 1583 navibus-in
640 1520 757 1602 Syriam
772 1520 865 1603 usque
879 1523 1005 1584 traiecit.
1019 1521 1062 1584 Hi
1074 1523 1157 1584 enirn
1168 1523 1343 1603 captivitate

317 1607 398 1670 urbis
420 1607 642 1690 opulentissime
662 1608 772 1686 allecti,
795 1610 875 1670 haud
899 1610 1160 1672 contemnendum
1182 1632 1343 1673 numerum

317 1695 450 1758 militum
471 1697 717 1778 conscripserant.
741 1694 861 1759 Idcirco
876 1697 925 1780 spe
940 1697 1061 1782 longior
1076 1699 1128 1760 illa
1142 1721 1238 1778 mora,
1263 1701 1342 1783 apud

319 1784 494 1848 Damiatam
514 1786 590 1864 aeta,
613 1809 676 1849 non
698 1786 912 1870 usquequaque
927 1787 1043 1850 inutilis
1057 1788 1159 1850 habita
1173 1787 1224 1849 est.
1240 1787 1343 1851 Preter

316 1869 438 1935 classem
462 1875 554 1952 enim,
581 1875 748 1937 multorum
777 1874 905 1936 aliorum
935 1877 1106 1959 principum
1133 1876 1343 1960 supplementa

316 1960 472 2024 accessere.
497 1961 581 2026 Inter
601 1985 679 2046 quos
702 1962 764 2044 ipse
788 1963 920 2026 Bavarus
936 1963 1125 2044 Ludovicus,
1150 1988 1220 2028 cum
1243 1989 1343 2049 popu-

316 2047 426 2110 larium
441 2034 684 2136 suoriisffiagna
703 2059 805 2131 manu,
821 2053 967 2134 exercitui
978 2047 1140 2122 christiano
1152 2054 1180 2117 se
1197 2055 1344 2134 adiunxit,

317 2154 335 2196 a
348 2135 374 2198 F
375 2138 512 2201 rederico
524 2138 665 2220 secundo,
679 2161 751 2203 cum
765 2156 982 2220 trecentorum,
996 2162 1034 2203 ex
1049 2141 1117 2204 aula
1131 2143 1266 2204 virorum
1281 2144 1343 2205 for-

318 2225 637 2290 dirmetum-cohorte
653 2228 820 2311 premissus,
839 2249 933 2310 quem
948 2229 1047 2291 statim
1061 2230 1289 2312 insequuturum
1304 2231 1343 2308 se,

317 2312 411 2376 literis
426 2315 456 2378 δι
470 2338 525 2378 ore
538 2317 736 2380 affirmaverat
750 2319 926 2399 imperator.
948 2318 1082 2400 Appulit
1101 2319 1193 2380 etiam
1208 2317 1259 2380 sub
1274 2318 1341 2382 Cal.

316 2400 385 2486 lulij
403 2403 562 2468 Mattheus
582 2427 697 2484 comes,
720 2427 814 2488 quein
836 2404 861 2468 F
863 2405 1015 2468 redericus
1032 2406 1145 2489 Apulie
1167 2407 1342 2488 prefecerat,
1355 2415 1420 2463 lul-¹

318 2491 490 2556 triremibus
513 2493 741 2558 instruslillimis
761 2494 844 2574 osto,
865 2494 1071 2577 septingentos
1085 2517 1122 2557 ex
1137 2494 1238 2557 Sicula
1252 2497 1342 2558 nobi·

317 2579 401 2643 litate
415 2581 542 2665 equites,
557 2583 631 2645 iussu
646 2581 672 2644 F
673 2584 800 2645 rederici
816 2584 979 2661 devehens,
994 2585 1068 2644 dum
1083 2585 1113 2644 in
1128 2584 1252 2666 Syriaco
1268 2587 1341 2645 mari

317 2669 479 2752 piratarum
495 2669 697 2755 Egyptiorum
718 2669 848 2750 classem,
870 2671 961 2733 obvia
975 2693 1096 2754 queque
1115 2672 1273 2754 depredari
1289 2693 1343 2734 au-

317 2756 412 2837 disset,
436 2758 600 2823 duodecim
616 2759 714 2844 longis
729 2759 861 2822 hostium
877 2761 1002 2823 navibus
1017 2761 1045 2822 se
1061 2761 1160 2839 insert,
1185 2759 1252 2843 ipsis
1268 2784 1343 2823 coii-

315 2846 436 2930 gressus,
458 2847 537 2909 haud
560 2869 671 2930 magno
693 2847 818 2931 negotio
834 2847 919 2908 fudit.
946 2847 1103 2930 Oppressit
1125 2869 1161 2909 ex
1184 2850 1227 2910 eis
1250 2871 1342 2911 naves

316 2951 448 3018 quatuor
462 2957 497 2998 ac
512 2958 590 3020 aqua
603 2936 751 2999 demersit.
776 2935 909 3019 Relique
924 2935 1041 3018 trepida
1055 2936 1125 3019 fuga
1141 2937 1171 3000 in
1187 2935 1342 3020 Egyptum

317 3025 345 3086 se
360 3045 512 3107 recepere,
536 3027 651 3088 duabus
672 3027 818 3108 exceptis,
832 3046 907 3108 quas
921 3041 1024 3106 captas
1039 3024 1140 3086 secum
1156 3023 1343 3104 Damiatam,

316 3113 410 3196 preda
430 3113 550 3176 onustas
575 3115 711 3193 deduxit,
736 3113 875 3177 ducentis
896 3113 1066 3176 Sarracenis
1088 3113 1245 3197 suspendio
1269 3136 1342 3177 ene·

315 3203 399 3268 catis.
427 3201 484 3264 His
507 3202 594 3264 ausin
613 3223 660 3265 res
684 3202 842 3265 christiana
864 3202 978 3264 viribus
1002 3201 1111 3264 florere
1125 3202 1294 3281 videbatur,
1308 3223 1343 3264 ac

290 3305 293 3314 ’
316 3290 351 3352 ad
368 3313 415 3354 res
429 3290 575 3374 gerendas
589 3306 706 3354 tantum
723 3292 907 3372 imperatore
922 3310 1035 3352 carere.
1059 3286 1231 3373 Incipiebat
1250 3293 1342 3353 etiam

316 3399 456 3462 proceres
478 3396 539 3440 tam
565 3378 661 3462 segnis
685 3400 773 3441 more
797 3377 910 3456 tedere,
935 3377 999 3460 spes
1021 3379 1185 3440 evertende
1212 3379 1342 3441 Barbare

316 3467 529 3550 superstitionis
547 3490 654 3532 omnes
675 3484 827 3530 maturare
847 3467 1004 3548 negotium
1016 3465 1230 3549 compellebat.
1246 3467 1342 3555 liega—
1422 3467 1543 3566 qm
1568 3471 1592 3530 3³.
1606 3499 1617 3516 «ν

316 3557 478 3645 suffigitur,
502 3557 613 3619 milites
635 3554 768 3640 adsigna
792 3556 968 3635 convenire,
986 3553 1341 3641 lss.s¹¹lt³ssl1¹1¹.l!9,l,itbe·
1366 3551 1426 3598 ''l''

314 3645 375 3734 bag.
396 3644 492 3708 Miles
507 3646 590 3708 disto
605 3645 684 3708 haud
697 3647 829 3728 parebat,
846 3641 1028 3727 &simagna
1039 3645 1067 3705 ei
1083 3646 1343 3726 promitterentur,

316 3756 491 3818 quanquam
515 3737 553 3797 de
578 3733 727 3798 Indorum
757 3757 837 3820 rege,
866 3735 988 3798 Davide
1014 3735 1289 3818 appropinquante,
1314 3734 1343 3795 dt

317 3823 428 3887 auxilia
441 3822 608 3887 christianis
623 3825 749 3903 ferente,
763 3823 861 3887 multa
871 3824 1059 3886 dicebantur.
1086 3823 1265 3886 Meledinus
1280 3838 1343 3886 ete-

317 3913 391 3992 nim,
418 3913 520 3976 audita
549 3911 619 3975 Pela
641 3913 722 3996 lL&
751 3913 870 3976 Brenne
899 3913 1109 3996 contentione,
1138 3911 1217 3974 letio
1246 3910 1342 3972 milite

316 3935 1160 4085 Egvpiffifflffimiffitffpiiope“”urbem‘*castra
1180 4000 1343 4062 locaverat.

316 4084 352 4152 In
367 4089 431 4152 dies
445 4089 561 4152 nostros
576 4091 763 4172 provocabat
784 4089 1033 4172 populationibus
1056 4089 1086 4152 &
1108 4086 1343 4165 excursionibus,
1416 4123 1422 4134 ·

317 4179 348 4241 in
363 4199 488 4240 omnem
502 4179 691 4241 occasionem
706 4180 850 4258 intentus,
865 4177 1053 4262 quanostros
1068 4199 1106 4239 ex
1126 4178 1199 4238 urbe
1215 4177 1244 4238 in
1259 4196 1342 4236 cam-

317 4286 372 4350 pos
398 4282 534 4348 patentes
559 4290 594 4330 ac
622 4267 878 4330 exundationibus
907 4265 973 4329 Nili
999 4265 1150 4328 obnoxios
1177 4263 1342 4345 pelliceret.

317 4353 477 4437 igiturne
501 4372 615 4419 tantam
641 4356 841 4440 ignominiam
864 4355 997 4439 perferre
1021 4355 1134 4417 diutius
1160 4366 1343 4436 cogerentur
