3726 5628
563 491 646 615 176
704 491 949 627 ‘Testimoniu
972 495 1013 591 in
1039 496 1256 593 Germania
1266 495 1442 628 scripta.

554 762 761 828 misericordia
774 763 828 844 est,
841 781 876 828 ut
890 764 973 830 illico
989 782 1134 849 peccator
1144 766 1264 832 veniat:
1280 767 1331 830 ubi
1343 789 1415 832 eum
1426 765 1515 832 Deus
1530 789 1584 852 per

555 855 753 937 predicatoris
768 853 966 918 ministerium
980 853 1142 920 illuminet

593 943 631 1006 Et
644 967 690 1028 ego
708 944 859 1096 npsciebam
874 967 934 1007 eum
949 941 1114 1024 (Ioarm.,1,
1130 945 1196 1028 3r):
1212 943 1306 1009 nescit
1320 945 1355 1025 is,
1369 945 1422 1029 qui
1439 944 1585 1029 predicat,

553 1033 666 1118 inquo
692 1029 726 1095 Ie
738 1054 773 1097 us
788 1053 843 1114 per
859 1034 986 1116 gratiam
1009 1030 1052 1112 srt,
1072 1033 1120 1096 vel
1135 1034 1185 1097 cui
1211 1050 1372 1117 peccatum
1396 1035 1511 1114 tulerit,
1531 1033 1584 1098 nisr

554 1137 703 1206 quantum
717 1120 920 1185 exterioribus
935 1116 1024 1205 signis
1038 1122 1204 1206 cognoscit
1229 1121 1260 1186 Si
1284 1122 1394 1187 viderit
1408 1124 1585 1208 quempiam

554 1207 671 1296 signum
685 1210 784 1276 crucis
806 1225 932 1293 propter
942 1206 1042 1273 Iesum
1063 1209 1284 1294 suscipientem,
1298 1227 1424 1296 peccata
1447 1233 1519 1276 cum
1541 1212 1585 1275 la·

554 1301 668 1386 crymis
679 1298 877 1364 confitentem
893 1321 901 1363 ε
916 1313 990 1363 tunc
1004 1299 1085 1383 quasi
1100 1300 1164 1382 scit,
1178 1298 1277 1364 Iesum
1292 1301 1334 1364 ibi
1349 1301 1418 1383 esse,
1432 1303 1484 1384 ubi
1501 1304 1585 1385 prius

442 1441 444 1446 .
553 1389 714 1454 nesciebat

588 1492 639 1544 Sed
653 1501 682 1544 ut
698 1489 864 1561 mam'sestenar
882 1489 908 1544 irr
930 1490 1027 1558 Israel:
1044 1499 1175 1560 propterea
1192 1488 1257 1544 veni
1273 1507 1316 1560 ego
1332 1489 1359 1543 ia
1371 1507 1439 1560 aqua
1452 1491 1586 1561 baptizans
1598 1492 1750 1541 Diadm'm.
1758 1489 1824 1539 nist

555 1570 664 1639 (Ionon,
678 1586 698 1636 1,
713 1573 763 1636 31).
1615 1573 1638 1616 *ν
1650 1571 1671 1603 ⁶·
1681 1568 1722 1618 3⁷²
1733 1554 1803 1618 supra

591 1649 716 1722 Magister
728 1650 844 1704 Oiiverus
856 1649 1012 1706 scholasticus
1027 1649 1191 1716 Coloniensi,
1211 1667 1270 1704 cum
1283 1648 1409 1722 accipiffet
1423 1651 1448 1704 in
1461 1649 1585 1705 mandatis
1655 1635 1678 1681 Ρ·
1692 1631 1747 1678 ¹⁷²*

554 1729 687 1783 adomino
706 1729 856 1784 Innocentio
867 1747 934 1801 papa
955 1729 1094 1802 predicare,
1118 1747 1218 1784 crucem
1239 1729 1265 1784 in
1277 1729 1493 1802 archiepiscopatu
1507 1731 1586 1786 Colo·

554 1808 639 1874 niensr,
660 1809 760 1863 divertis
772 1809 907 1881 provinciis
925 1809 1043 1876 lustratis,
1063 1809 1131 1863 venit
1148 1810 1174 1862 in
1196 1809 1315 1878 Frisium,
1339 1811 1442 1880 cupiens
1459 1812 1585 1880 persuum

554 1889 716 1942 ministerium
729 1890 805 1943 etiam
819 1889 853 1944 ibi
867 1889 1015 1944 manifestari
1028 1889 1135 1960 gloriam
1148 1889 1214 1943 Iesu.
1229 1888 1351 1950 Quicum
1363 1891 1470 1944 eandem
1482 1903 1585 1961 gentem

554 1969 637 2024 verbis
659 1970 819 2023 commotivis
838 1971 937 2040 copiose
957 1969 1103 2040 baptizasset
1123 1969 1200 2022 duros
1222 1969 1255 2021 ad
1269 1968 1439 2023 obediendum
1453 1970 1585 2040 signationi

553 2047 692 2116 invenisset,
705 2049 849 2120 desperatus
863 2050 996 2122 cogitabat
1014 2049 1102 2104 redire.
1119 2052 1154 2103 Et
1167 2066 1235 2114 ecce,
1246 2049 1297 2101 due
1310 2065 1398 2102 cruces
1407 2048 1495 2103 celitus
1507 2067 1587 2121 eppa-

555 2141 657 2183 ruerunt
669 2130 694 2182 in
707 2148 772 2197 aere,
787 2129 822 2183 ita
835 2141 863 2183 ut
875 2133 909 2184 ab
923 2130 1041 2184 omnibus
1054 2128 1205 2194 viderentur,
1218 2127 1262 2198 qui
1275 2139 1347 2183 erent
1359 2129 1384 2182 in
1398 2129 1509 2183 sirtione.
1524 2129 1586 2190 Qui-

554 2209 613 2262 dam
635 2210 717 2262 tesitti
738 2211 803 2277 sunt,
824 2210 950 2264 Christum
972 2209 1120 2263 salvatorem
1142 2208 1166 2261 se
1186 2207 1211 2261 in
1230 2224 1305 2262 cruce
1325 2207 1423 2263 vidisset
1445 2226 1476 2263 ex
1494 2209 1586 2280 quibus

554 2288 687 2344 risonibus
708 2290 817 2360 populus
833 2289 870 2344 ita
887 2290 1046 2344 consortauu
1064 2289 1108 2353 esi,
1126 2288 1161 2340 ita
1173 2286 1317 2353 letificatus,
1338 2299 1367 2342 ut
1380 2289 1490 2343 maxima
1504 2289 1585 2344 multi-

554 2367 618 2422 tudo
634 2388 666 2424 ex
685 2383 796 2441 utroque
813 2371 872 2425 sexu
893 2373 918 2425 dr
934 2371 1028 2424 diverse
1041 2371 1116 2424 etatis
1129 2369 1282 2440 signareturr
1305 2369 1337 2423 suc
1350 2370 1405 2424 lesu
1418 2369 1589 2424 manifestatus

555 2447 627 2503 essin
642 2463 730 2520 gentes
744 2450 886 2519 Frisonum,
904 2469 955 2521 que
967 2450 1058 2505 meruit
1071 2449 1120 2504 ess'e
1131 2449 1215 2514 Israel,
1228 2449 1260 2503 fic
1272 2448 1382 2503 videndo
1395 2451 1489 2504 Deum.
1504 2450 1589 2504 Huius

555 2527 589 2582 rei
603 2531 676 2584 tesies
689 2531 745 2584 sunt
757 2530 875 2584 dominus
887 2533 968 2584 abbae
981 2531 1072 2594 noster,
1093 2531 1118 2583 dr
1131 2529 1282 2583 infirmarius
1294 2529 1385 2597 noster,
1397 2529 1441 2600 qui
1451 2541 1512 2584 tunc
1524 2543 1590 2584 tem-

556 2608 623 2679 poris
637 2611 762 2681 presentes
775 2611 890 2677 tranq&
904 2611 1020 2664 viderunt
1034 2609 1113 2664 oculis
1127 2609 1182 2662 suis.

591 2727 598 2742 .
615 2729 619 2739 .
631 2728 637 2741 .
651 2727 657 2741 .
673 2729 679 2744 .
690 2691 721 2744 Bt
731 2702 786 2744 runc
798 2690 923 2744 videbam
933 2689 1021 2744 sisium
1033 2688 1136 2744 homimr
1149 2689 1288 2742 venientem
1299 2689 1325 2742 in
1336 2687 1440 2742 nudibus
1449 2707 1503 2743 cum
1511 2687 1589 2760 potes·
1659 2719 1663 2731 ·

555 2777 606 2822 tate
616 2787 710 2840 magna
723 2771 751 2822 ὅ
759 2769 911 2840 manifestate
924 2769 1049 2840 (Matth,
1061 2785 1139 2835 xxrv,
1156 2769 1212 2838 31).

649 2898 758 2964 [Sequimr
768 2902 841 2949 nlntio
852 2917 902 2966 qu
911 2901 979 2965 exstat
988 2903 1010 2949 r'u
1022 2901 1111 2962 Dialoss.
1123 2901 1260 2961 miraculos,
1272 2900 1318 2964 disi.
1329 2900 1362 2960 X,
1372 2917 1392 2950 e.
1403 2900 1493 2965 38-39.]

598 3037 697 3103 Tales
712 3037 780 3103 sunt
800 3039 895 3103 hodie
908 3040 1035 3123 quidam
1058 3038 1267 3123 predicatores
1287 3040 1386 3104 crucis
1407 3039 1458 3123 qui
1481 3034 1588 3124 signari
1600 3045 1646 3107 111,
1658 3045 1727 3108 1²4⁶

563 3127 749 3209 volentibus,
763 3145 917 3212 quotquot
931 3128 980 3191 vel
995 3150 1070 3212 quas
1085 3128 1200 3193 animas
1214 3130 1374 3214 requirunt
1388 3130 1426 3191 de
1446 3143 1591 3212 purgato·
1639 3183 1641 3187 .

559 3217 618 3297 rio,
631 3217 691 3297 vel,
704 3218 788 3301 quod
804 3218 926 3282 maioris
949 3218 1068 3281 vesanie
1088 3217 1141 3297 esi,
1161 3219 1200 3280 de
1220 3219 1341 3282 inferno
1363 3217 1590 3300 repromittunt,

559 3304 631 3370 acsr
653 3305 720 3370 illas
741 3305 773 3370 in
790 3304 842 3369 suo
867 3308 923 3369 reti
949 3305 1107 3370 conclusas
1132 3322 1277 3370 teneant:
1300 3327 1372 3368 curn
1392 3327 1455 3369 non
1477 3301 1535 3368 sint
1551 3306 1590 3368 de

560 3395 629 3457 soro
646 3395 817 3457 viventium
831 3395 933 3458 anime
948 3396 1130 3480 corporibus
1144 3394 1249 3473 solute,
1264 3416 1324 3477 qua
1338 3395 1440 3458 fronte
1452 3393 1590 3458 viventes

558 3480 626 3546 illas
637 3482 814 3565 presumunt
824 3483 977 3546 vendere?
986 3482 1265 3564 Usuras&rapinas
1277 3499 1310 3546 ut
1324 3482 1484 3561 retineant,
1495 3480 1591 3545 licen·

561 3573 648 3651 tiant,
662 3573 737 3634 dum
752 3587 870 3634 tantum
885 3572 922 3634 ad
945 3571 1089 3655 laqueum
1103 3570 1204 3634 crucis
1223 3570 1337 3635 multos
1358 3571 1486 3634 trahant
1507 3568 1591 3655 Quis

563 3682 701 3744 unquam
715 3659 898 3725 Sanbiorum
913 3660 1023 3746 legitur
1037 3660 1108 3724 talia
1123 3657 1312 3743 predicasse?
1327 3663 1366 3723 de
1380 3659 1431 3726 tali
1454 3660 1591 3743 predica·

559 3748 644 3812 tione
659 3749 772 3814 dicitur
787 3771 841 3833 per
855 3750 1038 3832 prophetam
1053 3749 1064 3812 i
1087 3775 1099 3808 ι
1117 3747 1260 3834 Caupones
1273 3750 1364 3836 vestri
1379 3749 1491 3838 miscent
1514 3770 1591 3832 aqua

556 3838 658 3901 uinum
673 3863 685 3897 ›
703 3835 813 3918 (les,1,
830 3841 880 3921 22)
895 3838 905 3902 ἓ
920 3859 982 3902 non
1007 3836 1202 3922 considerant
1222 3837 1394 3920 apostolum
1413 3837 1590 3900 dicentem:

558 3950 572 3984 e
590 3925 620 3987 Si
633 3926 799 4007 distribuero
812 3929 841 3990 in
855 3928 926 3992 cibos
935 3943 1097 4013 pauperum
1111 3949 1199 3990 omnes
1203 3926 1361 4010 facultates
1379 3948 1464 4004 meas,
1478 3926 1512 3988 is
1525 3939 1591 3988 tra-

558 4038 572 4072 «
590 4013 686 4078 didere
696 4030 905 4100 corpusmeum,
923 4017 964 4080 ita
975 4030 1008 4079 ut
1020 4016 1157 4080 ardeam:
1171 4014 1338 4078 charitatem
1356 4029 1448 4078 autem
1466 4036 1518 4076 non
1537 4014 1592 4077 ha·
1638 4057 1643 4070 ·

560 4127 574 4161 r
592 4102 765 4182 buerqnihil
774 4103 962 4190 mihiprodest
972 4129 985 4161 »
997 4113 1024 4178 (1
1036 4103 1189 4183 Corinth,
1199 4121 1268 4184 xm,
1276 4103 1314 4186 3).
1325 4101 1500 4190 Quomodo
1506 4123 1591 4166 mor·

558 4191 619 4254 tuis
634 4190 787 4274 prodesset
800 4192 917 4256 oblatio
932 4208 995 4255 tam
1010 4193 1200 4270 sermentato,
1207 4191 1294 4254 labor
1306 4206 1367 4256 tarn
1377 4190 1592 4268 infruRuosum

556 4301 628 4343 cum
647 4277 717 4364 ipsis
738 4278 860 4366 signatis
881 4282 1039 4346 modicum
1058 4279 1196 4366 prodesse
1215 4278 1376 4344 credatur?
1393 4279 1469 4343 utile
1488 4297 1591 4344 umen
