3726 5628
422 562 516 660 105.
553 535 763 659 Caesarius
796 531 1147 664 Hct'slerlrooenfis.
1213 531 1291 653 165

251 799 353 888 ⁸litate
375 797 559 882 compulsus,
567 795 717 863 confessus
726 799 770 862 est
782 799 888 862 dicens
902 821 910 860 :
923 823 938 856 c
955 796 1025 882 Ego
1040 795 1295 860 sum‘diabolus.»

270 888 320 953 Ad
337 887 419 972 quod
435 888 563 951 verbum
579 886 630 950 illa
643 887 854 970 expavescens,
870 886 1040 970 respondit:
1057 911 1069 943 ι
1082 885 1127 948 Ut
1136 886 1209 969 quid
1224 905 1296 969 ergo

269 977 364 1127 epsigis
401 974 521 1077 carnale
552 976 757 1128 cfniugpiunl’p
774 978 856 1058 quod
880 993 1000 1128 patore
1027 992 1079 1037 tue
1110 973 1297 1124 diglqpscitur

270 1087 328 1128 ee
368 1081 611 1128 contrarium»
684 1079 808 1127 tre:
853 1091 866 1123 r
916 1087 935 1126 u
971 1078 1090 1126 tantum
1117 1083 1298 1126 mircon·

270 1153 354 1234 senti,
368 1151 445 1216 nihil
463 1151 545 1215 aliud
566 1168 635 1216 ate
656 1151 710 1217 nist
732 1153 844 1236 copule
866 1152 1044 1216 consensum
1061 1151 1222 1235 requiro.»
1246 1150 1296 1215 Ad

270 1247 352 1327 quod
378 1240 478 1326 puella
500 1242 676 1324 respondit:
697 1267 710 1300 r
736 1241 838 1305 Modo
860 1243 989 1304 omnino
1003 1241 1057 1303 tibi
1079 1241 1296 1318 contradico‚»

270 1332 376 1414 sugant
399 1330 488 1394 illum
511 1331 609 1394 sancte
630 1331 730 1394 crucis
751 1329 915 1415 signaculo.
935 1328 1129 1412 Veniensque
1143 1328 1181 1391 ad
1202 1326 1299 1391 sacer·

271 1421 385 1499 dotem,
403 1419 550 1482 revelavit
570 1418 613 1482 illi
629 1421 770 1482 demonis
792 1419 930 1494 insidias;
944 1439 961 1480 a
975 1439 1038 1501 quo
1049 1419 1116 1482 satis
1126 1416 1246 1496 edodia,
1259 1439 1299 1479 ne

272 1507 407 1592 maligno
428 1507 621 1587 consentiret,
642 1507 759 1570 reversa
777 1507 871 1570 estin
905 1509 1032 1571 domurn
1057 1506 1149 1570 suam.
1171 1506 1298 1570 Demon

271 1617 343 1660 vero
366 1596 433 1680 post
458 1597 675 1660 consessionem
700 1617 768 1659 eam
792 1597 920 1659 omnino
940 1617 1003 1658 non
1022 1593 1168 1674 deserens,
1189 1595 1227 1658 de
1253 1617 1300 1657 re·

272 1701 358 1750 moto
374 1701 475 1747 tamen
496 1683 666 1768 alloquens,
680 1687 712 1748 in
727 1701 846 1748 tantum
866 1685 949 1747 illam
966 1683 1098 1761 vexavit,
1108 1698 1143 1744 ut
1157 1683 1301 1765 quaslibet

273 1772 481 1836 immunditias
503 1774 533 1835 in
559 1774 624 1836 eius
648 1772 804 1836 scutellam
831 1775 968 1837 mitteret
990 1793 1062 1834 cum
1094 1771 1300 1834 manducaret.

273 1862 367 1926 Unde
387 1863 417 1924 dt
430 1861 594 1924 mulierum
609 1862 744 1925 custodie
763 1863 789 1925 ei
812 1863 946 1925 adhibite
969 1861 1045 1923 sunt.
1064 1857 1100 1922 ln
1119 1879 1301 1944 quacunque

146 1971 200 2033 ῃ
215 1985 259 2031 ¹¹7
272 1952 366 2013 domo
382 1949 433 2012 illa
447 1951 515 2029 suit,
534 1949 597 2012 illic
615 1949 730 2014 demon
746 1951 883 2034 responsa
900 1950 992 2014 dedit
1008 1949 1060 2012 Ab
1074 1949 1218 2012 omnibus
1232 1947 1302 2030 qui·

272 2041 342 2100 dem
354 2038 543 2118 audiebatur,
557 2037 604 2100 sed
618 2059 636 2100 a
649 2037 711 2100 sola
725 2038 827 2121 puella
837 2039 1005 2103 videbatur.
1021 2037 1155 2120 Eratque
1170 2052 1232 2098 tam
1247 2057 1302 2098 ne-

272 2147 364 2210 quam
389 2127 471 2190 idem
495 2127 625 2210 spiritus,
646 2143 679 2188 ut
702 2127 885 2209 presentium
907 2143 1032 2210 peccata
1053 2127 1216 2208 detegeret,
1241 2125 1302 2186 cri·

272 2215 356 2277 mina
371 2215 601 2298 improperaret,
619 2234 676 2278 nec
698 2215 822 2300 aliquod
845 2231 1006 2298 peccatum
1025 2233 1098 2276 eum
1118 2214 1236 2290 lateret,
1247 2210 1301 2274 nili

272 2304 356 2448 puod
372 2323 444 2364 vera
464 2302 611 2364 conscilio
629 2318 754 2386 tegeret.
778 2303 924 2369 Ostendit
945 2303 1048 2367 &alia
1069 2301 1151 2385 signa
1165 2301 1302 2384 nequitie

284 2411 331 2452 ue.
347 2388 494 2468 Stercora,
511 2389 642 2474 aliasque
667 2391 838 2454 confradlas
853 2390 927 2452 fimo
950 2390 1065 2474 plenas,
1081 2389 1168 2471 super
1183 2385 1302 2449 conflu-

273 2492 358 2540 entes
373 2477 537 2561 spargebat.
554 2476 709 2542 Dixerunt
719 2481 748 2542 ei
763 2480 903 2564 quidam:
921 2477 1073 2557 ‹Nosti,o
1088 2475 1219 2554 diabole,
1231 2473 1303 2537 Do·

275 2565 420 2628 minicam
430 2568 602 2630 orationem
612 2566 643 2628 l»
657 2566 874 2650 Respondente
890 2566 955 2630 illo:
967 2594 979 2626 ι
992 2567 1123 2650 Optime
1138 2564 1233 2643 sci0,»
1251 2583 1304 2625 ro-

273 2669 361 2738 gatus
375 2654 417 2716 est
427 2653 511 2716 illam
526 2655 638 2719 dioere.
653 2655 695 2719 Et
708 2658 768 2718 ait:
786 2681 799 2713 ‹
816 2653 904 2719 Pater
914 2655 1026 2736 noster,
1040 2655 1136 2738 quies
1148 2654 1179 2716 in
1191 2652 1303 2730 celum,

274 2763 388 2805 nomen
404 2760 501 2821 tuum,
514 2741 566 2805 fiat
581 2742 722 2807 voluntas
742 2744 773 2807 de
792 2744 822 2806 in
837 2759 925 2823 terra,
940 2763 1051 2826 panem
1072 2739 1210 2804 nostrum
1224 2760 1303 2822 quo-

274 2830 403 2894 tidianes
415 2831 453 2892 da
463 2831 554 2894 nobis
568 2831 671 2911 hodie,
685 2831 732 2894 sed
749 2832 843 2894 libera
856 2855 913 2897 nos
928 2831 1051 2894 amalo.
1070 2855 1082 2887 »

315 2917 442 2981 Etcum
457 2917 559 3001 plures
575 2920 605 2980 in
620 2921 728 2982 eadem
743 2921 881 2982 oratione
897 2917 1010 2983 secislet
1024 2917 1113 2982 saltus
1128 2932 1220 3000 atque
1238 2916 1305 2978 bar·

275 3007 428 3086 barismos,
442 3008 654 3070 cachinnando
675 3008 847 3071 subiunxit:
864 3007 973 3070 <Ecce
988 3005 1028 3070 fic
1046 3025 1101 3069 voe
1111 3005 1181 3068 laici
1203 3003 1304 3066 dicere

272 3095 374 3160 soletis
381 3097 553 3159 orationem
561 3095 699 3160 vestram.
711 3121 724 3152 ι
735 3094 909 3180 Requisttus
920 3097 1013 3160 etiam
1024 3096 1063 3158 de
1074 3092 1305 3178 symbolo,dixit

273 3184 302 3248 se
317 3185 395 3248 bene
409 3184 440 3248 dr
453 3185 571 3266 optime
584 3185 666 3262 scire,
681 3184 719 3246 stc
734 3183 904 3266 incipiens:
922 3183 1056 3248 «Credo
1072 3181 1178 3246 Deum
1187 3197 1304 3264 patrem

133 3285 139 3294 '
273 3276 553 3357 omnipotentem.»
567 3273 711 3338 Cuicum
726 3273 850 3356 quidem
865 3275 1020 3336 dicerent:
1037 3298 1050 3330 ‹
1070 3272 1184 3336 Dicere
1202 3270 1306 3346 debes,

275 3364 379 3428 Credo
395 3364 425 3426 in
443 3361 574 3442 Deump
591 3361 704 3448 illeque
716 3361 926 3444 subiungeret:
951 3389 963 3419 r
982 3361 1087 3426 Credo
1104 3360 1193 3440 Deo;
1211 3385 1223 3416 a
1248 3359 1305 3421 viri

275 3449 395 3532 literati,
410 3452 462 3536 qui
477 3467 550 3514 tunc
562 3467 648 3514 erant
663 3449 822 3534 presentes,
838 3451 951 3513 diaboli
966 3451 1094 3512 verbum
1108 3464 1260 3527 notantes,
1275 3447 1306 3511 dt

275 3543 337 3604 vim
352 3540 510 3605 accusativi
527 3539 741 3623 intelligentes,
756 3539 949 3602 instituerunt
960 3557 993 3602 ut
1001 3538 1117 3602 diceret
1130 3564 1142 3596 ι
1155 3537 1260 3602 Credo
1273 3539 1304 3599 in
1402 3570 1406 3579 ·

275 3630 392 3695 Deum.
404 3655 415 3688 s
433 3627 474 3691 Et
488 3651 550 3691 non
567 3645 710 3712 poterant
724 3649 795 3692 eum
809 3628 846 3690 ad
863 3627 922 3690 hoc
938 3627 1092 3691 inducere.

726 3833 808 3896 lll‚c.
821 3849 863 3883 st.

151 3982 261 4045 1,p13⁶
275 3965 324 4028 De
335 3963 490 4050 peregrinis
504 3963 552 4044 qai
561 3976 678 4047 propter
687 3943 803 4045 peccora
820 3961 900 4022 unius
914 3959 1026 4022 hominis
1047 3959 1077 4022 in
1091 3957 1169 4022 mari
1191 3957 1306 4042 pericli·

508 4051 562 4113 rati
575 4051 692 4142 eiusdem
706 4049 863 4136 confefflone
874 4050 944 4136 sunt
958 4048 1078 4110 liberati.

318 4209 614 4294 Peregriniquidam,
624 4204 1005 4292 ficutmagisterlohannes
1015 4202 1179 4270 xantensis
1187 4203 1304 4288 populo

276 4299 416 4364 recitavit
433 4299 464 4361 in
477 4297 536 4362 suia
548 4296 726 4362 stationibus
744 4317 871 4361 crucem
890 4294 1062 4378 predicans,
1074 4315 1148 4356 cum
1165 4309 1304 4376 tempore
