3656 5648
400 551 474 642 73.
502 505 735 616 Vincentius
756 520 1068 652 Bellovacenfis.
1186 557 1245 650 99

222 785 284 856 qta‘d
308 785 428 852 saotrmt,
440 783 599 840 teeeffemrn.
617 785 716 842 Nobilis
736 803 797 842 vero
813 787 865 840 dua
881 787 986 842 Austrie
1003 787 1061 842 ltuic
1072 787 1245 844 deliberationi
1263 807 1322 854 tarr

221 883 272 920 noo
287 864 407 928 interfuit,
420 864 522 935 quiaex
534 866 611 920 altera
632 882 702 937 perte
715 867 806 922 montis
825 867 967 920 incredulus
985 867 1192 938 impugnabat&
1214 871 1247 924 sd

221 962 278 1011 nos,
289 945 332 1016 qui
348 944 375 996 in
393 944 534 998 summitate
552 946 645 999 montis
664 963 770 1012 eramus,
783 946 916 1000 ascendere
933 948 964 1000 de
984 947 1048 1000 facili
1067 965 1116 1001 non
1139 948 1247 1017 valebat,

220 1041 268 1078 nec
279 1024 395 1095 magistet
408 1023 504 1093 templi,
518 1024 561 1094 qui
577 1024 690 1078 infirmus
702 1025 816 1078 remansit
829 1025 853 1078 in
867 1025 972 1080 Aenon.
989 1027 1056 1080 Cum
1076 1045 1136 1080 vero
1150 1027 1174 1080 in
1187 1029 1247 1082 deli·

222 1105 350 1158 beratione
361 1103 471 1173 prediEla
485 1105 577 1157 morari
589 1123 620 1158 an
635 1106 751 1159 recedere
769 1106 894 1175 expediret
909 1105 1078 1176 perordinem
1092 1121 1247 1177 quereretur,

220 1183 283 1238 dixit
295 1183 371 1238 frater
383 1183 511 1252 Georgius
520 1183 553 1237 de
564 1185 658 1240 Monte
668 1197 754 1250 acuto,
760 1185 876 1256 magister
888 1183 1022 1254 hospitalis,
1031 1187 1100 1256 quod
1114 1187 1246 1241 videbatur

221 1265 245 1318 ei
259 1267 363 1330 bonum
375 1277 499 1333 quatenus
512 1283 569 1334 pars
585 1265 707 1320 exereitus
721 1267 755 1320 ad
769 1265 845 1320 callra
858 1265 1023 1320 custodienda
1039 1266 1209 1334 descenderet,
1223 1270 1247 1322 tr

220 1361 278 1414 para
290 1345 315 1398 in
336 1343 402 1408 loeo,
419 1343 462 1396 ubi
477 1359 575 1398 eramus
592 1345 626 1396 ad
642 1343 814 1411 obfidendum,
828 1344 935 1398 castrum
950 1358 1098 1412 remaneret,
1109 1349 1132 1400 tr
1145 1347 1247 1401 ordina·

220 1435 289 1478 retur
300 1423 406 1478 obsidius
420 1423 479 1493 quia
493 1423 634 1490 ridebatur,
645 1425 714 1494 quod
728 1425 832 1478 easlrum
843 1424 867 1476 in
881 1424 1059 1493 brevinubisa
1071 1427 1181 1480 Domino
1191 1427 1248 1480 red-

219 1503 329 1567 deretur,
342 1503 451 1556 maxime
463 1519 522 1556 cum
533 1503 566 1556 de
575 1502 650 1572 plano
663 1505 696 1556 ad
713 1521 797 1556 muron
811 1503 859 1557 srne
870 1503 1022 1556 offendiculo
1036 1504 1159 1575 possemus
1175 1523 1247 1561 acce-

94 1605 122 1649 p.
139 1587 203 1634 1261
219 1583 289 1648 dere,
302 1583 421 1652 petrariae
434 1583 529 1652 erigere
547 1584 571 1636 dr
585 1583 635 1636 alia
652 1583 743 1650 facere,
755 1601 804 1654 que
817 1583 850 1636 sd
863 1583 1027 1638 munitionem
1043 1585 1098 1638 sunt
1111 1584 1245 1640 necessaria

219 1662 383 1733 capienda,&
398 1661 448 1732 ipse
459 1662 567 1716 libenter
576 1679 633 1716 cum
647 1662 765 1716 fratribus
775 1665 927 1716 remanebat.
943 1666 1055 1718 licontra
1069 1682 1129 1717 vero
1142 1665 1246 1734 quidam

219 1742 321 1796 dicebat
333 1743 358 1794 dt
369 1740 477 1794 maxime
489 1758 574 1794 comes
597 1741 709 1812 Tripolis
729 1743 902 1808 Boamundus,
920 1745 989 1813 quod
1006 1761 1057 1796 noo
1075 1755 1129 1797 erat
1151 1747 1245 1798 bonum

219 1824 245 1876 in
266 1822 340 1876 noae
357 1821 398 1874 illa
416 1821 441 1874 in
469 1833 556 1874 munte
582 1821 716 1876 exercitum
740 1822 845 1876 Domini
867 1824 967 1876 morari.
988 1825 1017 1876 In
1039 1823 1158 1877 divisione
1179 1827 1246 1878 enim

218 1903 342 1956 exercitur
354 1901 474 1955 videbant
487 1901 623 1970 periculum
642 1901 805 1955 manifestum.
828 1903 885 1962 Qua
907 1902 957 1955 tide
977 1917 1062 1956 autem
1083 1920 1168 1957 comer
1184 1903 1246 1957 illud

218 1981 370 2036 omtsuluerit
386 1983 410 2035 is
428 1981 583 2034 obsidionem
599 1980 748 2050 impedierit,
760 1981 829 2035 novit
846 1983 926 2035 Deus.
949 1984 1004 2053 Ipsa
1020 1994 1105 2036 autem
1120 1983 1244 2038 dominica

217 2060 346 2116 descendit
357 2061 390 2114 de
401 2073 488 2115 monte
500 2061 621 2114 exercitus
636 2061 755 2130 inglorius
767 2062 791 2114 dr
801 2079 845 2131 per
853 2060 977 2114 indultum
988 2063 1097 2130 spacium
1105 2063 1245 2118 incredulos

218 2141 349 2196 enimait.
375 2139 455 2196 Multi
474 2153 559 2194 autem
583 2139 705 2209 templarii
723 2141 911 2210 &hospitalarii
926 2147 949 2194 ἃ
964 2141 1067 2211 quidam
1088 2143 1207 2196 seculares
1220 2145 1245 2196 in

218 2221 328 2276 secundo
347 2222 439 2274 montis
455 2220 564 2282 ascensu,
583 2219 687 2290 quando
709 2219 841 2273 castrenses
862 2222 924 2273 vires
946 2235 1103 2291 acceperant,
1122 2224 1244 2278 vulnerati

218 2302 274 2354 suot
287 2303 312 2354 dt
330 2301 362 2356 de
380 2301 523 2354 vulneribus
538 2298 671 2353 interfefli.
694 2300 826 2353 Credimus
844 2311 929 2352 autem
948 2301 1073 2355 Christum
1096 2303 1179 2355 Deum
1201 2303 1245 2356 srbi

218 2379 262 2434 soli
275 2381 341 2432 hunc
356 2377 510 2448 triumphum
523 2377 614 2430 montis
627 2377 762 2432 reservasse.
788 2378 838 2440 Qui
857 2396 915 2431 cum
929 2379 1014 2448 paucis
1026 2379 1150 2449 discipulis
1163 2381 1244 2451 ipsum

219 2457 339 2525 ascendit,
359 2457 466 2529 gloriam
487 2458 570 2511 future
589 2457 769 2511 resurrectionis
785 2457 880 2511 ibidem
895 2457 1096 2512 demonstrando.
1120 2461 1199 2513 Porro
1218 2461 1244 2513 in

218 2538 301 2611 primo
312 2541 336 2592 tr
349 2539 374 2591 in
387 2538 495 2594 secundo
507 2541 619 2607 equitatu
635 2537 769 2590 maximam
790 2539 975 2591 multitudinem
996 2539 1162 2608 captivorum,
1179 2540 1244 2594 viro·

218 2635 274 2672 rum
291 2621 316 2672 dr
336 2618 466 2672 mulierum
485 2634 517 2671 ac
533 2617 693 2688 parvulorum
712 2617 833 2670 christiani
853 2619 936 2671 secum
953 2619 1086 2686 duxerunt,
1103 2637 1134 2672 ex
1152 2619 1244 2690 quibus

218 2699 302 2770 plores
314 2696 450 2752 fueruntin
464 2695 553 2752 Chrilli
566 2696 668 2750 nomine
681 2695 810 2766 baptisati.

550 2909 598 2974 81.
619 2908 668 2974 De
685 2909 765 2972 tertio
782 2909 915 2992 equitant.

254 3117 282 3168 ln
301 3114 376 3168 tertio
393 3113 507 3185 equitatu
530 3129 580 3167 non
602 3111 715 3167 interfuit
726 3112 873 3184 'patriarcha
890 3131 948 3166 curn
968 3113 1037 3184 signo
1056 3113 1143 3168 erucis.
1164 3117 1243 3169 Inter·

216 3193 316 3247 faemnt
328 3206 412 3247 autem
428 3193 508 3262 plures
521 3192 637 3263 episcopi,
649 3193 674 3246 in
688 3209 740 3262 quo
754 3193 833 3246 multa
849 3194 943 3245 damna
957 3193 1121 3260 sustinuimus,
1134 3205 1187 3248 tarn
1199 3213 1244 3265 per

101 3280 160 3327 Dee.
171 3293 205 3340 ²4
216 3273 367 3327 latmnculos
396 3291 473 3343 quam
498 3273 663 3326 incommodo
686 3273 784 3344 hyemis
810 3273 934 3336 violentis,
956 3273 1083 3342 presertim
1104 3275 1128 3326 in
1158 3274 1242 3344 vigilie

216 3353 305 3406 natalis
318 3353 422 3406 Domini
435 3369 479 3422 per
490 3352 565 3417 viam,
577 3353 620 3404 ubi
633 3352 703 3404 multi
715 3369 836 3422 pauperes
850 3355 873 3404 dr
887 3353 997 3404 iumenta
1009 3353 1102 3422 frigore
1116 3354 1242 3423 perierunt

216 3432 307 3502 &ipsa
322 3432 389 3486 sama
401 3433 484 3498 nodie,
495 3433 520 3484 in
533 3449 584 3501 qua
598 3431 769 3501 tempestatem
782 3430 920 3484 terrestrem
932 3431 1013 3485 ventis
1029 3433 1054 3484 dc
1066 3431 1154 3501 pluviis
1166 3451 1239 3487 oom-

216 3525 312 3564 motam
323 3511 478 3564 sustinuimus
486 3510 662 3581 gracillimum.
676 3513 704 3564 ln
711 3509 802 3562 finibus
812 3511 878 3583 Tyri
887 3511 1024 3580 &sydonis
1034 3511 1102 3564 iuxta
1111 3515 1240 3584 Sareptam

216 3591 270 3661 pofl
282 3591 423 3644 huiusmodi
438 3589 610 3661 intemperiem
624 3591 745 3644 exercitus
768 3592 872 3644 Domini
890 3591 1068 3661 quadrifariam
1091 3592 1182 3646 divisus
1200 3593 1240 3647 est.

215 3671 273 3725 Rex
286 3671 397 3741 Ungarie
409 3672 433 3724 tr
446 3687 488 3724 rex
501 3670 582 3743 Cypri
596 3670 722 3740 Tripolim
737 3669 841 3740 profecti
856 3672 919 3723 sunt.
932 3671 988 3723 Rex
1004 3671 1115 3740 Ungarie
1130 3671 1155 3724 in
1172 3675 1241 3726 brevi
1256 3687 1314 3733 ηις

216 3762 329 3820 ternpore
342 3762 511 3804 commoratur
523 3767 582 3803 curn
594 3766 689 3820 magno
700 3751 795 3804 damno
803 3761 868 3803 terre
880 3749 1041 3820 promissionis
1052 3751 1152 3804 recessu.
1166 3753 1241 3806 Pere-

215 3830 301 3900 gn'noa
320 3829 384 3883 enim
403 3831 427 3883 dt
447 3829 596 3895 dextrarios,
613 3829 698 3900 galeas
715 3833 738 3882 δι
756 3830 868 3882 iumenta
885 3845 942 3882 cum
961 3829 1037 3882 armis
1055 3830 1137 3884 secum
1158 3833 1241 3899 traxit,

216 3909 322 3976 spirltum
341 3909 513 3964 admonitura
529 3911 679 3980 patriarcba,
699 3929 732 3964 ne
754 3909 786 3964 fic
802 3911 935 3964 recederet
958 3911 1079 3963 Tandem
1097 3929 1240 3967 excommu-

215 3990 313 4044 nicatus
326 3990 359 4043 eft
372 4007 430 4044 cum
443 3991 486 4043 sua
498 3989 604 4060 sequela.
617 3991 679 4044 Alia
692 4009 748 4060 part
762 3991 890 4060 pigrorum
903 3990 951 4043 tire
963 3991 1107 4044 timidorum
1118 3994 1143 4045 dc
1152 4011 1239 4047 eorum

215 4070 261 4142 qui
269 4073 461 4141 procumbentes
469 4087 513 4124 ore
525 4072 601 4140 pleno
612 4071 792 4124 abundantiam
807 4070 982 4140 temporalium
992 4071 1116 4137 biberunt,
1125 4074 1240 4127 remansit
1258 4091 1263 4101 ·

214 4151 241 4204 io
254 4151 358 4204 Achon.
375 4151 432 4203 Rex
446 4167 506 4204 vero
520 4149 673 4204 Hierusalem
687 4153 712 4204 dc
724 4153 775 4204 dux
798 4151 897 4205 Austrie
911 4167 969 4203 cum
983 4150 1144 4220 hospitalariis
1158 4155 1239 4208 stntti

215 4229 334 4284 lobannis
353 4232 375 4282 dr
394 4230 514 4300 episcopis
533 4229 676 4300 supradicti·
695 4233 718 4284 ir
735 4231 884 4300 quibusdam
899 4232 951 4285 aliis
971 4233 1076 4286 castrum
1092 4233 1117 4286 in
1134 4234 1239 4288 Cesarea

217 4309 339 4368 Paleslioe
361 4309 430 4362 breti
447 4321 558 4380 tempore
579 4309 713 4364 utiliter&
735 4311 875 4366 constanter
894 4312 1064 4380 firmaverunt,
1086 4314 1143 4368 licet
1165 4312 1239 4366 bullis
