3656 5648
443 585 508 671 ¹4·
545 552 693 649 Petrus
714 551 764 648 de
787 545 1037 648 Horeutlial.
1195 579 1247 678 η

224 810 324 874 Cuius
348 813 397 874 liic
419 812 576 896 exemplar
599 835 637 876 eo
658 813 801 876 libentius
815 813 972 896 subiungo,
996 813 1079 895 quod
1105 809 1256 873 monaste·

222 899 344 961 riorum
362 899 693 980 Premonstratensium,
716 922 777 985 que
798 901 829 963 in
844 901 930 985 Syria
951 900 1026 962 olim
1047 901 1139 979 fuere,
1162 898 1255 963 diser-

221 1003 287 1048 tam
302 989 393 1050 saciat
406 990 605 1051 mentionem.

257 1105 315 1172 [Hic
340 1105 456 1173 inserirur
480 1107 593 1178 Epistola
619 1108 732 1178 Gervasij
755 1109 788 1160 ad
815 1123 880 1179 pati.
905 1107 1030 1161 Hierosol.
1064 1107 1161 1175 (Hm,
1187 1108 1254 1158 Sacr.
1354 1143 1359 1154 .

222 1197 275 1238 ant.
290 1203 415 1253 monum,
427 1201 458 1239 n⁰
473 1193 515 1253 38,
527 1206 553 1257 p.
570 1187 637 1258 38).]

505 1393 554 1470 ¹5·
573 1391 767 1444 ioiinuuns
785 1391 836 1443 on
854 1391 974 1462 initii,

470 1547 639 1615 Chronicon
656 1550 689 1614 S.
711 1549 830 1615 simini
856 1558 902 1626 (-
916 1559 1005 1627 1383).

442 1716 550 1784 [timii
564 1719 607 1770 des
628 1717 681 1783 hist.
700 1721 732 1768 de
748 1717 775 1769 la
791 1719 893 1781 Fraace,
911 1716 1020 1786 xv111.]

726 1842 744 1884 dt

223 1963 332 2027 [Sequitur
345 1961 477 2008 Guillelmiin
485 1959 625 2025 Andrenseai,
639 1960 709 2026 supra
718 1975 742 2025 p.
755 1975 777 2024 ς,
788 1960 817 2010 ὅ
825 1961 940 2008 Marinum
949 1961 1060 2021 Seruiani,
1070 1961 1129 2025 infra
1138 1961 1188 2024 sedi.
1203 1963 1253 2026 Vs]

121 2107 208 2168 P·⁶07
258 2111 339 2161 Anno
362 2110 547 2175 Mccxviii,
577 2111 700 2173 lohannes
723 2127 766 2163 rex
791 2111 936 2178 Ierusalem,
961 2112 1013 2164 dux
1032 2112 1144 2180 Aullrie,
1164 2113 1328 2167 fratresuzit

224 2189 314 2242 militie
327 2189 442 2258 Templi,
464 2190 551 2242 lintres
567 2191 738 2262 Hospitalis&
755 2190 843 2243 sratres
863 2191 955 2243 domus
976 2191 1175 2245 Alemannorum
1195 2210 1252 2246 cum

223 2269 410 2321 christianorum
421 2271 539 2334 exercitu,
549 2269 665 2322 dominus
675 2270 751 2334 etiam
761 2269 878 2343 Pelagius
891 2271 1023 2324 cardinalis
1033 2271 1161 2342 episcopus
1171 2259 1267 2325 Atha-'²

223 2349 312 2414 nensis,
337 2348 470 2418 apostolice
493 2348 556 2400 sedis
579 2349 687 2418 legatus,
708 2351 810 2402 natione
834 2351 968 2420 Hispanus,
989 2353 1136 2404 Damiatam
1156 2352 1266 2422 Egypiii

224 2429 332 2481 nobilem
347 2431 471 2482 civitatem
486 2429 615 2482 obsidione
629 2431 795 2482 vallaverunt.
818 2433 874 2482 Hec
886 2430 981 2496 civitat,
1000 2433 1033 2482 ab
1050 2448 1101 2482 uno
1118 2431 1195 2482 latere
1208 2431 1262 2482 liu-i

225 2509 289 2560 mine
304 2510 366 2574 Nili,
389 2529 420 2562 ex
434 2510 484 2562 alio
498 2511 585 2572 miii-is,
605 2511 713 2562 turribiis
727 2511 750 2562 u
764 2507 870 2575 fossatis,
884 2521 937 2562 arte
951 2513 974 2562 u
987 2511 1088 2580 ingenio
1102 2510 1254 2580 premunito,

224 2589 298 2658 plena
311 2602 364 2640 erat
373 2591 524 2658 gentibus&
541 2589 634 2642 divitiis
645 2589 762 2642 infinitis=
776 2591 799 2641 in
812 2607 862 2659 qua
873 2590 1009 2657 obsidione,
1022 2591 1147 2660 predislue
1156 2591 1254 2662 legatus

223 2684 280 2748 cuni
302 2685 363 2736 rege
386 2669 497 2721 Iohanne
517 2658 1149 2768 l's‘dlffiifflulP¹l⁰5„5¹is⁰ll¹ll.‘l3“}l!¹3l3hl2si
1173 2669 1253 2723 collo-

223 2745 309 2817 qsisiim
321 2749 371 2800 siit
389 2748 553 2801 'audl‘iiritiitle'
573 2749 669 2815 habuit,
690 2750 800 2818 allegans
821 2751 845 2802 se
866 2747 983 2802 exercitui
1004 2751 1096 2803 debere
1110 2749 1252 2819 preefl'e,&

223 2828 407 2897 crucesignatos
419 2829 451 2880 ad
466 2829 535 2880 suum
553 2829 666 2898 regimen
682 2831 814 2899 pertinere,
827 2829 887 2900 quia
901 2848 944 2900 per
961 2830 1099 2896 ecclesiam,
1121 2831 1191 2883 cuius
1204 2830 1254 2900 ipse

223 2907 321 2977 legatus
334 2918 397 2970 erat,
412 2907 553 2976 passagium
566 2907 646 2960 suerat
659 2909 813 2960 ordinatum.
830 2909 887 2960 Rex
899 2919 993 2974 tamen,
1006 2910 1082 2960 verba
1095 2908 1255 2974 dissimulans,

224 3005 270 3057 pro
282 2989 387 3040 domino
400 2988 423 3039 se
440 2989 556 3057 gerebat.
574 2987 704 3040 Exercitus
716 2987 811 3055 itaque,
823 3005 868 3057 per
880 2989 928 3040 hoc
942 2989 966 3040 in
981 2989 1004 3041 se
1016 2987 1115 3053 divisus,
1128 3005 1179 3041 non
1192 2989 1255 3041 veri·

225 3077 302 3118 tatem
317 3067 415 3137 proprie
433 3067 473 3120 sed
491 3067 650 3120 alseslionem
669 3066 702 3118 sui
716 3066 832 3136 principis
852 3065 956 3136 quisque
976 3067 1134 3136 sequebatur.
1154 3070 1217 3121 Erat
1230 3068 1254 3119 in

224 3147 271 3198 hac
284 3146 412 3200 obsidione
431 3150 518 3200 beatur
531 3148 552 3200 F
554 3147 686 3212 ranciscus,
706 3147 749 3216 qui
766 3146 853 3198 videns
870 3146 1013 3199 christianos
1031 3147 1054 3199 se
1070 3159 1158 3200 contra
1171 3150 1255 3200 Sarra·

126 3249 150 3294 p.
163 3229 211 3278 ⁶08
225 3243 300 3278 cenos
323 3231 356 3278 ad
377 3243 489 3297 pugnam
511 3243 653 3296 preparare,
675 3225 742 3295 quasi
765 3225 908 3296 prophetice
928 3225 991 3278 dixit
1012 3225 1137 3292 eiequod,
1160 3226 1255 3280 fisoret

225 3318 390 3376 attemptatur
411 3305 565 3376 congressui,
585 3323 636 3358 non
658 3306 759 3359 cederet
778 3306 894 3375 prospere
916 3305 1063 3360 christianiri
1086 3307 1157 3359 cuius
1173 3307 1254 3376 spreta

221 3387 381 3455 prophetica,
398 3386 479 3439 statim
496 3404 582 3456 pugna
603 3385 779 3449 committitur,
802 3396 905 3455 totaque
921 3385 947 3437 in
964 3385 1052 3455 fugam
1069 3385 1173 3438 vertitur
1189 3386 1254 3440 acies

225 3464 362 3518 christiana.
386 3469 414 3518 ln
437 3465 486 3518 hac
506 3465 633 3518 obsidione
656 3463 771 3517 inventus
797 3465 830 3517 ell
849 3465 911 3518 liber
930 3466 1029 3518 arabice
1050 3465 1162 3536 scriptus,
1184 3466 1254 3518 cuius

225 3554 299 3596 autor
312 3544 336 3597 se
353 3544 522 3610 christianum,
544 3545 653 3596 Iudeum
670 3560 699 3596 ac
718 3545 882 3595 Sarracenum
896 3554 981 3612 negat,
1003 3543 1028 3597 in
1051 3561 1103 3614 quo
1124 3545 1189 3596 inter
1206 3542 1254 3595 alia

224 3623 409 3690 continebatur,
443 3625 512 3694 quod
534 3625 654 3678 Damiata
680 3634 810 3693 caperetur
832 3640 847 3674 a
867 3622 1013 3688 christianis,
1041 3625 1064 3676 δι
1086 3622 1189 3693 quidam
1212 3641 1254 3676 reii

224 3703 308 3756 Nubie
329 3705 473 3758 christianus
494 3705 617 3758 Mechain
641 3704 769 3757 deitatem
781 3703 926 3769 destrueret,
946 3701 1035 3756 &offa
1048 3702 1194 3757 Mabonieti
1206 3703 1254 3756 dis·

218 3784 294 3852 persa
315 3784 457 3854 proliceret.
482 3785 561 3838 Cuius
585 3784 716 3854 prophetie
738 3783 818 3853 prima
842 3800 898 3852 para
918 3801 983 3835 nunc
1003 3783 1169 3853 adimpletur,
1192 3800 1252 3836 nain

223 3863 278 3932 posi
290 3881 384 3916 annum
396 3866 421 3917 ἂ
436 3865 529 3934 septem
544 3865 639 3918 menses
651 3863 795 3928 obsidionis,
807 3863 935 3916 Dominus
943 3863 1050 3916 tradidit
1061 3881 1117 3916 eain
1129 3862 1154 3916 in
1164 3880 1253 3916 maniis

223 3942 410 3996 christianorum
422 3945 470 3996 sine
482 3943 538 3997 belli
549 3944 649 4014 strepitu
659 3943 699 3997 vel
708 3943 818 3995 tumultu
826 3959 894 3994 anno
905 3943 1062 4009 Mccxix,
1071 3942 1141 3996 nonis
1149 3960 1253 3996 novem·
1269 3958 1328 4008 ¹²¹9

223 4021 282 4074 bris.
297 4023 379 4076 Nodle
391 4023 502 4093 quodam
518 4024 596 4076 modo
608 4023 775 4092 tempestuosa
788 4024 813 4075 dr
825 4021 967 4088 tenebrosa,
987 4021 1090 4091 quidam
1111 4021 1253 4076 christiano-

224 4121 290 4168 rum,
309 4120 353 4172 per
365 4102 440 4154 scalae
452 4103 582 4156 civitatem
598 4103 728 4161 intrantes.
750 4089 836 4170 portas¹
855 4113 1015 4171 aperuerunt,
1035 4103 1060 4154 dr
1073 4101 1105 4154 hc
1119 4101 1253 4154 multitudo

223 4181 410 4235 christianorum
423 4181 534 4249 intravit,
554 4184 578 4235 δι
592 4181 677 4252 spoliis
690 4179 794 4234 infinitis
807 4181 863 4234 sunt
874 4181 956 4233 ditati.
978 4181 1053 4250 Capti
1066 4180 1167 4234 suerunt
1182 4181 1208 4233 in
1224 4199 1253 4233 ea

223 4261 325 4314 civitate
340 4261 445 4330 triginta
460 4261 537 4314 millia
551 4264 753 4326 Sarracenoi'um,
773 4259 896 4312 innumeri
908 4277 968 4312 vero
981 4259 1117 4330 peremptie
1135 4259 1167 4312 de
1179 4259 1252 4311 cbris-

224 4339 299 4394 tiaiiia
316 4351 403 4393 autem
424 4340 504 4409 (quod
522 4339 696 4394 miraculosum
717 4339 838 4408 creditur)
861 4339 942 4392 nullut
964 4337 1068 4392 omnino
1088 4339 1174 4408 periit,
1194 4353 1253 4392 nam
