3650 5648
549 484 622 570 xviij
964 491 1183 550 canonum.

552 715 585 774 ὅ
597 711 723 794 Pelagio,
747 713 836 775 cladis
861 712 981 790 auctari,
1004 713 1160 798 proditoris
1174 727 1268 775 uotum
1287 713 1384 799 inuffit
1400 725 1437 787 ¹,·
1462 736 1524 795 quae
1543 715 1579 794 de

550 799 596 862 W
592 801 681 862 altero
698 799 819 886 episcopo
843 799 1010 888 Tornacenſs
1024 800 1107 864 electo
1122 801 1244 883 nuntiat,
1260 802 1324 866 aliis
1327 801 1457 887 sontibus
1473 800 1576 886 coufir-

548 903 665 950 mantur
680 901 713 949 ².

594 989 609 1050 ς
628 995 655 1057 5.
674 977 829 1040 AEormus
847 979 977 1040 AUREAE
996 978 1122 1040 VALus
1133 980 1261 1060 quadam
1276 978 1421 1041 mirabilia
1437 979 1530 1064 resert
1544 979 1576 1040 de

548 1065 680 1150 magistro
688 1066 811 1128 Iohanne
829 1078 841 1126 3
854 1112 863 1144 ,
875 1065 1239 1153 emonensierioOigniaceust
1248 1081 1323 1141 orto,·
1331 1067 1403 1129 hunc
1411 1068 1481 1130 enim
1490 1066 1578 1128 crucis

545 1155 761 1238 praedicatorem
781 1157 844 1239 posi
867 1169 983 1216 mortem
1002 1155 1107 1217 animos
1122 1179 1216 1218 eorum
1232 1156 1280 1237 qui
1294 1179 1400 1217 crucem
1416 1153 1577 1241 officmpsts-

541 1240 610 1327 sent
628 1267 642 1303 e
652 1244 781 1328 flammis
791 1244 970 1327 purgatorii,
982 1243 1112 1327 precibus
1127 1245 1168 1306 ad
1181 1245 1276 1306 Deum
1290 1243 1377 1329 suste,
1393 1244 1532 1330 eripuiffe.

594 1344 608 1404 s
625 1329 655 1391 6.
682 1328 782 1394 Gesta
798 1331 946 1393 abbatum
966 1330 1042 1393 Orti
1058 1331 1088 1394 S.
1106 1329 1219 1394 Mariae
1235 1332 1346 1416 primus
1368 1331 1507 1394 Weiland
1519 1332 1577 1394 edi-

548 1420 633 1482 derat
645 1432 681 1497 4,
692 1420 815 1482 omittens
826 1435 917 1482 tamen
931 1435 1033 1482 textum
1045 1422 1167 1504 nostrum
1179 1445 1256 1502 quem
1270 1419 1316 1482 W
1308 1421 1436 1504 ybruuds
1447 1421 1476 1482 in
1493 1420 1577 1482 lucem

545 1509 680 1591 prodidit.
701 1509 792 1587 Unde,
801 1533 968 1591 quamquam
980 1510 1014 1571 de
1028 1509 1120 1590 quinto
1138 1509 1207 1571 bello
1215 1508 1303 1595 sacro
1315 1508 1390 1571 nihil
1402 1509 1578 1586 hauriamus,

549 1611 639 1658 tamon
656 1595 778 1684 cognosci
788 1600 885 1682 potest,
912 1612 1014 1679 quanto
1041 1621 1101 1659 cum
1108 1599 1233 1682 fervore
1256 1597 1414 1675 Oliverius,
1436 1597 1485 1659 illc
1492 1595 1577 1684 scho-

550 1685 659 1768 lasticus
691 1685 866 1771 Coloniensis,
882 1686 910 1747 in
926 1686 1019 1771 Frista
1045 1709 1152 1748 crucem
1164 1687 1372 1770 praedicaverit
1404 1689 1437 1748 ta
1449 1683 1578 1772 Friſstnes

549 1774 590 1835 ad
603 1797 710 1835 crucem
740 1775 928 1856 accipiendam
944 1773 1039 1836 allecti
1057 1775 1244 1836 occurrerint.
1259 1775 1354 1851 Dodo,
1375 1774 1451 1835 cuius
1477 1775 1577 1836 menno

542 1861 592 1946 fit,
600 1862 665 1946 suit
672 1861 754 1946 filius
771 1861 938 1939 Wibrandi,
955 1863 1017 1924 viri
1027 1863 1146 1946 potentis
1161 1865 1195 1924 de
1212 1862 1488 1946 Campeneggabure,
1505 1858 1578 1946 cius-

549 1973 600 2031 que
607 1947 697 2034 soror
712 1967 776 2012 crat
793 1949 892 2028 Bova,
907 1950 1006 2012 nobilis
1021 1965 1162 2028 matrona,
1179 1975 1250 2013 uxor
1267 1951 1405 2014 Guidouis
1420 1950 1530 2032 Elgera
1545 1951 1580 2011 de

550 2037 785 2119 Ethelgcrabure,
812 2039 888 2101 cuius
910 2037 986 2120 filius
1018 2053 1138 2102 vocatur
1164 2039 1343 2121 Ethelguus,
1370 2040 1457 2101 obbas
1485 2038 1580 2102 Sanco

553 2125 653 2188 Horti.

594 2213 720 2288 scobis.
745 2213 822 2300 ‚Qua
844 2213 963 2278 Gumo
990 2234 1033 2277 nn
1050 2216 1255 2278 Aurvannra
1282 2229 1400 2293 namot,
1417 2230 1472 2301 pro
1488 2215 1580 2276 moxi-

549 2325 595 2364 ma
616 2317 703 2388 parte
726 2329 760 2365 ex
785 2303 972 2366 Vrncanrn
989 2303 1258 2367 Bneuovncnnsrs
1284 2303 1421 2386 Speculo
1446 2302 1580 2366 historiae

549 2407 750 2454 manaverunt.

594 2492 609 2553 ς
633 2497 660 2561 7.
686 2479 883 2543 Baunuruus
899 2500 943 2542 nn
954 2479 1098 2542 Avasurs
1114 2480 1259 2544 chronicon
1276 2478 1421 2544 Eanum
1437 2478 1580 2566 excerpſso,

542 2565 600 2652 sed
613 2567 696 2654 lapsu
712 2569 815 2632 calami
828 2569 965 2631 nonnulla
980 2570 1106 2632 mutavit
1120 2581 1132 2629 5
1147 2615 1154 2630 .

550 2790 606 2858 44).
620 2791 727 2842 lacobus
743 2789 898 2842 Wtriacensn
912 2791 1005 2860 (Epist,
1014 2794 1034 2856 1,

551 2870 614 2938 288)
639 2871 671 2921 de
692 2869 821 2922 obt'rdione
838 2871 900 2922 arcia
925 2873 1034 2924 Thabor

549 2949 622 3002 dicit:
635 2969 646 2996 c
661 2951 696 3001 Ut
708 2961 774 3000 totus
784 2949 876 3002 clamat
886 2951 1035 3020 populus-

553 3050 563 3078 ι
581 3028 642 3080 fides
656 3029 720 3080 mala
734 3029 870 3082 intercessit.
887 3051 897 3079 ι
914 3032 1033 3084 Arabum

550 3108 680 3162 annalibus
706 3109 855 3175 continetur,
882 3109 1034 3176 christianos,

550 3205 607 3242 arce
636 3205 680 3256 per
704 3188 764 3256 xvij.
797 3189 850 3242 dies
879 3204 1035 3260 oppugnata,

550 3268 642 3334 abiisse,
657 3285 735 3337 quum
749 3286 834 3320 corum
850 3268 963 3340 princeps
981 3272 1035 3340 qui-

549 3351 609 3402 dam
635 3346 759 3401 cecidisset
783 3349 925 3416 (Reinaud,
951 3352 1035 3418 Extr,

553 3431 621 3495 ³⁸⁷).

589 3525 599 3558 1
617 3509 675 3560 Pari
686 3509 763 3560 modo
776 3522 858 3578 poetae
869 3510 910 3577 atij
921 3509 1034 3580 legatum

550 3589 679 3656 increpant
692 3589 796 3658 (Meyer
809 3588 833 3640 in
848 3589 1036 3644 uictarum

550 3672 576 3720 d.
591 3667 684 3732 chart,
699 3671 773 3731 1877,
787 3685 810 3736 p.
825 3670 961 3737 516·517).

585 3745 702 3800 annuat.
716 3745 830 3798 Blandior.
845 3746 926 3814 (Mon.
943 3752 1036 3815 Germ,

552 3829 600 3890 SS.,
610 3829 650 3892 V),
661 3845 686 3896 p.
700 3842 746 3892 30,-
756 3825 787 3878 cs.
799 3825 885 3879 Gallia
893 3827 1036 3896 chrt'ffiaua,

550 3906 597 3971 111,
620 3923 686 3970 2¹93
708 3903 847 3958 antecessor
866 3905 917 3958 eius
939 3907 1036 3960 obierat

551 3984 582 4036 iv.
600 3984 698 4036 calend.
722 4001 779 4036 nov.
801 3985 953 4039 Mccx1x.
977 3987 1036 4057 Epi·

551 4063 780 4132 taphiumWaltcri
789 4064 881 4133 prostat
890 4065 915 4117 in
924 4065 1036 4121 Thomu

553 4143 748 4213 Cantipratenfia
769 4145 826 4197 Bou.
847 4144 961 4212 univers.
983 4147 1036 4216 (ed.

552 4226 646 4288 Duae,
658 4235 710 4275 not.
724 4223 748 4274 in
762 4223 815 4276 libr.
828 4226 848 4291 1,
864 4243 887 4295 p.
904 4227 957 4294 ¹9·)

1132 2809 1144 2856 3
1161 2795 1201 2846 De
1210 2792 1330 2861 Iohanne,
1343 2793 1440 2846 decano
1451 2791 1580 2846 Leodienfi

1095 2873 1177 2941 postca
1199 2873 1313 2941 regulam
1335 2871 1351 2924 s.
1374 2873 1512 2941 Augustini
1535 2871 1582 2923 Οἰ-

1095 2951 1176 3021 gniaci
1187 2951 1302 3021 profess'o,
1315 2951 1399 3004 videas
1409 2953 1533 3014 Maroneo,
1543 2953 1581 3002 De

1094 3033 1178 3084 Iacobo
1191 3029 1343 3097 Vitriaccnfi,
1358 3048 1382 3099 p.
1398 3048 1438 3094 ιι,
1453 3034 1493 3096 ⁶5·

1131 3106 1478 3172 4Mon.Gorru.SS.,XX111,
1488 3125 1512 3176 p.
1520 3123 1582 3174 573·

1096 3193 1159 3253 6084
1181 3187 1213 3238 cf.
1238 3191 1301 3240 Go'tt.
1325 3185 1378 3238 Get.
1404 3189 1480 3248 Anu,
1507 3191 1583 3250 1877,

1096 3287 1119 3338 p.
1131 3272 1195 3332 7⁸²⁵
1209 3265 1349 3336 vonSybel‚
1360 3265 1445 3333 Hister.
1456 3263 1582 3333 Zeitschr,

1099 3347 1362 3412 1880,111,498-500.
1379 3344 1581 3397 LocusWester-

1096 3427 1193 3479 bintum
1212 3426 1288 3492 (idem
1302 3438 1378 3495 atque
1395 3424 1582 3494 Hoogeintum)

1094 3507 1121 3559 in
1134 3523 1202 3576 pago
1215 3503 1418 3558 Ferwerderadel
1431 3505 1581 3574 quaerendus

1096 3586 1263 3639 effevidetur.

1133 3687 1145 3735 ς
1172 3666 1266 3717 Ernoul
1293 3667 1332 3734 (p.
1360 3665 1425 3734 4²9)
1451 3677 1524 3718 notat
1548 3685 1583 3730 x,

1096 3747 1176 3798 noster
1189 3763 1229 3798 oue.
1239 3745 1334 3814 gateas,
1350 3744 1392 3797 iste
1407 3755 1446 3813 (p.
1461 3745 1527 3814 446)
1540 3763 1583 3815 pa·

1096 3843 1150 3878 cem
1165 3826 1208 3892 vj„
1224 3825 1306 3876 noster
1314 3823 1356 3892 vij.
1367 3841 1490 3876 annorum
1504 3826 1581 3892 (eorn-

1096 3907 1153 3958 dem
1171 3921 1305 3957 numerum
1321 3904 1417 3972 praebet
1431 3904 1514 3956 Walt.
1529 3907 1583 3957 Hc-

1097 3985 1207 4053 mingb,
1226 3983 1290 4036 infra
1308 4002 1332 4052 p.
1350 3984 1404 4052 70).
1419 3984 1538 4036 Ceterum
1551 3984 1583 4036 de

1099 4065 1223 4120 Balduino
1246 4063 1359 4116 conferas
1385 4063 1581 4117 dissertationem

1097 4162 1156 4213 quae
1168 4145 1245 4196 exstat
1259 4142 1284 4194 in
1303 4144 1335 4195 N.
1349 4145 1423 4196 Arcto.
1435 4145 1485 4220 [ἄν
1497 4145 1544 4198 dlt.
1555 4147 1581 4197 d.

1098 4224 1194 4292 Gesclc,
1207 4225 1266 4288 v11,
1282 4239 1403 4290 129-151.
