3656 5648
553 572 613 665 94
736 538 979 670 ‘seflimonio
1002 542 1043 630 in
1071 538 1213 632 Gallio
1224 539 1401 663 scriptu.

551 799 644 864 etiam
658 800 744 863 multi
761 799 809 883 aiij
827 800 899 862 boni
915 800 1036 879 milites,
1047 802 1099 884 qui
1110 821 1218 864 omnes
1232 822 1304 863 cum
1315 800 1418 864 multis
1430 799 1578 862 Romanis

551 903 619 952 ante
635 888 810 951 Damietam
826 892 985 968 venerunt,
1000 909 1131 972 quorum
1151 889 1273 952 circiter
1299 907 1393 952 roooo
1412 888 1578 951 sarracenis

550 978 694 1059 congressi
710 978 926 1040 detrimentum
943 978 1011 1059 passt
1026 977 1092 1039 sunt
1107 977 1136 1040 de
1151 977 1347 1040 afflidiionem
1369 976 1579 1054 sustinuerunt,

551 1066 654 1129 multis
669 1066 706 1128 de
722 1063 835 1148 ipsis&
856 1088 964 1128 eorum
984 1065 1118 1152 collegio
1138 1081 1190 1128 aut
1211 1067 1306 1148 captis
1326 1082 1377 1128 aut
1398 1062 1505 1128 occisis
1528 1080 1580 1127 aut

478 1177 537 1227 1219
550 1175 605 1238 per
620 1153 648 1215 se
662 1155 797 1218 mortuis.
823 1166 898 1236 Capti
911 1165 1013 1219 suerunt
1029 1167 1062 1219 de
1079 1166 1228 1219 nostratibus
1242 1167 1367 1220 Iohannes
1388 1167 1420 1219 de
1441 1163 1534 1218 Arceit
1555 1157 1790 1282 &minz

544 1245 687 1298 'Galtherua
697 1247 847 1298 camerarius
862 1247 885 1298 δι
898 1246 965 1299 Milo
978 1245 1133 1299 Belvacensu
1147 1245 1250 1310 eiedlus,
1265 1247 1289 1297 δι
1303 1263 1360 1299 cum
1374 1257 1476 1316 propter
1496 1243 1579 1296 multi·
1592 1284 1633 1330 Μ
1656 1285 1682 1329 v
1704 1299 1713 1331 ι
1764 1297 1774 1326 ι

550 1325 640 1395 plicam
658 1323 691 1376 sui
705 1325 872 1378 defensionem
894 1343 940 1378 nee
958 1343 1002 1397 per
1022 1338 1116 1378 terram
1136 1343 1182 1378 nec
1203 1342 1245 1394 per
1263 1343 1355 1395 aquam
1378 1325 1505 1378 manifeste
1526 1323 1579 1396 cepi
1631 1319 1645 1343 '
1683 1319 1692 1343 '

551 1403 628 1475 posset
640 1403 727 1457 civitas
741 1406 870 1471 Damiatn,
879 1405 920 1458 sed
933 1404 982 1457 iam
996 1404 1064 1473 quast
1076 1405 1108 1458 de
1121 1405 1288 1474 occupatione
1302 1405 1444 1474 desperaret
1457 1405 1580 1458 exercitus

549 1484 703 1549 christianus,
723 1484 825 1537 tandem
844 1486 903 1538 Deo
921 1483 1071 1554 propitiante
1095 1501 1146 1537 non
1164 1485 1196 1537 de
1218 1484 1310 1536 virtute
1334 1485 1374 1537 vel
1394 1485 1521 1555 probitate
1538 1483 1581 1535 ali·

549 1563 619 1616 cuius
639 1565 753 1630 viventis,
767 1565 807 1617 sed
830 1565 902 1618 solius
918 1566 966 1619 Dei
985 1566 1089 1618 dextera
1110 1577 1240 1636 pugnante
1259 1565 1404 1618 mirabiliter
1422 1583 1467 1635 pro
1487 1564 1581 1630 nolitis,

452 1642 536 1690 ΝΜ
549 1654 624 1712 capta
637 1643 671 1694 est
689 1645 809 1697 Damiata
827 1645 896 1697 sexto
919 1645 975 1697 idus
995 1645 1121 1698 Novemb.
1143 1644 1289 1715 intempeste
1306 1645 1386 1697 noblia
1407 1643 1501 1697 silentio
1517 1644 1581 1698 adeo

550 1721 707 1788 miraculose,
717 1725 787 1793 quod
800 1725 824 1776 in
834 1723 907 1794 ipsius
920 1725 1038 1794 captione
1050 1741 1097 1778 nec
1112 1743 1177 1777 unus
1189 1726 1221 1778 de
1234 1724 1321 1777 nostrie
1335 1723 1416 1778 extitit
1429 1722 1581 1790 interseetus,

549 1817 596 1853 nec
608 1801 694 1866 etiam,
710 1803 778 1870 quod
799 1804 880 1856 minus
893 1805 935 1868 eli,
948 1804 1035 1857 leviter
1049 1805 1201 1871 vulneratus,
1215 1817 1297 1875 preter
1310 1821 1388 1856 unum
1403 1803 1446 1873 qui
1460 1815 1580 1871 tanquam

549 1897 593 1948 pet
606 1879 772 1954 flebotomum
786 1883 862 1936 idlum
876 1883 1065 1954 sagittarecepit
1074 1886 1099 1937 in
1110 1885 1181 1955 pede.
1196 1887 1237 1938 De
1249 1883 1387 1937 Sarracenir
1402 1893 1508 1936 verotot
1518 1881 1581 1935 ceci-

549 1960 639 2012 derunt
651 1978 681 2013 ea
694 1962 735 2014 die
744 1962 826 2026 inore
835 1963 924 2033 gladij,
933 1965 1002 2034 quod
1012 1965 1098 2018 nostris
1112 1983 1214 2035 quoque
1226 1963 1357 2034 displicuit.
1372 1962 1487 2016 Maiores
1496 1973 1580 2014 tamen

548 2039 680 2092 admiraldi
694 2041 718 2094 in
732 2044 808 2095 muria
828 2047 851 2096 δι
871 2045 980 2097 turribus
1002 2047 1026 2097 δι
1048 2046 1227 2099 munitionibus
1245 2045 1323 2115 capti,
1339 2042 1453 2096 reservati
1476 2043 1580 2096 suntad

549 2119 636 2186 uitam,
656 2139 701 2190 pro
718 2123 810 2191 quibua
827 2125 940 2193 captivos
960 2142 1047 2178 omnes
1069 2142 1119 2178 non
1142 2125 1219 2178 solum
1243 2125 1363 2177 rehabere
1380 2123 1521 2192 sperabant,
1539 2123 1580 2176 sed

550 2201 624 2252 etiam
639 2202 770 2271 pecuniam
782 2202 912 2256 infinitam.
931 2207 1036 2257 Inventa
1048 2205 1082 2258 est
1095 2206 1183 2258 ciuitas
1196 2205 1248 2275 ipsa
1266 2204 1340 2274 plena
1352 2220 1414 2256 auro
1430 2205 1454 2256 dc
1474 2214 1581 2272 argento
1593 2209 1668 2270 papea

549 2281 574 2332 dr
588 2281 674 2349 pannis
688 2282 768 2334 sericis
780 2285 804 2336 dr
818 2283 942 2353 lapidibus
955 2284 1075 2354 pretiosis,
1088 2285 1215 2340 frumento
1228 2287 1251 2338 dt
1266 2285 1381 2338 ordeo&
1395 2282 1450 2336 aliia
1467 2283 1580 2352 pluribua
1606 2285 1611 2294 '

549 2359 650 2426 divitiis,
664 2362 755 2430 quibus
769 2363 862 2415 ditatus
880 2365 913 2416 esi
933 2367 1057 2418 exercitur
1077 2366 1231 2430 christianus,
1251 2364 1361 2434 spoliatis
1381 2362 1500 2433 Egiptiis.
1516 2365 1582 2429 Que,

548 2436 608 2491 licut
621 2441 714 2509 captivi
727 2442 751 2494 in
764 2442 814 2512 ipsa
828 2443 919 2513 reperti
932 2444 1060 2510 dicebant,
1074 2447 1172 2498 munita
1190 2445 1279 2510 extitit,
1298 2442 1401 2513 quando
1420 2441 1516 2495 obsessa
1533 2441 1583 2494 fuit

546 2516 572 2570 in
585 2537 686 2590 gyrum,
696 2540 784 2588 45000
798 2535 970 2592 pugnatorum
984 2538 1066 2595 preter
1075 2523 1350 2596 decrepitouparvuloa
1363 2523 1387 2574 δι
1400 2521 1524 2588 mulieres,
1536 2522 1583 2591 qui

548 2596 649 2651 filerunt
664 2617 748 2668 15000
763 2601 875 2655 estimati.
892 2605 980 2656 Preter
993 2605 1072 2658 didloa
1089 2623 1150 2658 vero
1169 2618 1228 2658 ante
1242 2603 1386 2673 captionem
1404 2600 1513 2654 civitatis
1532 2620 1583 2665 240

547 2677 580 2729 de
593 2679 665 2730 noete
678 2679 806 2734 civitatem
821 2681 980 2748 intrarunt,a
998 2683 1101 2738 soldano
1123 2685 1192 2750 millu,
1214 2685 1237 2736 dt
1258 2703 1317 2749 200,
1335 2682 1378 2753 qui
1401 2680 1490 2735 eadem
1510 2682 1585 2734 nodie

548 2757 639 2824 reperti
656 2755 791 2824 suenrnt,a
810 2760 896 2813 nostris
916 2761 1039 2815 interfecti
1059 2764 1121 2816 sunt.
1144 2765 1216 2823 Quos
1238 2779 1326 2815 omnes
1348 2759 1525 2825 communiter,
1542 2760 1582 2814 sed

547 2834 712 2891 diversrmode
724 2839 748 2891 in
763 2841 878 2892 manibus
894 2840 1006 2896 fidelium
1025 2843 1124 2896 suorum
1143 2843 1287 2895 miraculose
1313 2842 1438 2896 Dominus
1455 2841 1583 2894 conclusit.

549 2916 647 2968 Eadem
661 2933 721 2969 vero
734 2918 886 2986 ebdomada,
907 2939 958 2990 qua
975 2935 1048 2993 capta
1063 2925 1144 2977 fuerat
1164 2923 1293 2988 Damieta,
1313 2923 1424 2975 nondum
1438 2919 1491 2990 ipsa
1504 2919 1585 2973 ebdo-

549 2995 712 3063 madafinita,
725 3011 827 3069 captum
840 3000 873 3054 eli
894 3002 1001 3055 castrum
1014 3002 1173 3056 fortislimum
1189 3003 1260 3072 supra
1275 3018 1353 3066 mare,
1364 3001 1433 3070 quod
1451 3000 1501 3052 suit
1515 3000 1583 3052 anti·
1825 3011 1826 3072 ᾗ

549 3075 632 3142 quitus
645 3076 732 3130 ciuitas
745 3079 852 3145 Thania,
866 3081 890 3133 dt
902 3081 927 3133 in
938 3083 1038 3136 Thanit
1051 3082 1185 3136 secundun
1200 3082 1336 3136 Ysrdorum
1347 3080 1447 3132 Pharao
1461 3079 1584 3147 regnavit,

548 3155 621 3208 &ibi
637 3157 744 3230 Moyses
757 3158 825 3228 ligna
838 3159 906 3214 fecit.
928 3162 1072 3214 incivitate
1086 3179 1188 3232 quoque
1204 3161 1287 3214 saneta
1304 3159 1436 3212 Ierusalem
1454 3157 1583 3212 sarraceni

549 3252 634 3287 muros
646 3236 828 3304 destruxerunt,
841 3258 872 3292 ex
885 3251 941 3294 toto
953 3243 1106 3308 recedenter,
1120 3242 1154 3294 ita
1170 3241 1238 3310 quod
1256 3258 1272 3292 a
1284 3239 1339 3294 solia
1357 3239 1466 3292 surianis
1487 3241 1511 3290 dc
1529 3238 1582 3290 aliia

549 3315 691 3369 christicolis
705 3318 859 3372 inhabitatur
871 3332 985 3391 tempore
999 3322 1137 3391 aliquanto,
1156 3338 1202 3373 nec
1217 3334 1301 3373 tamen
1315 3331 1397 3370 tutum
1416 3330 1477 3383 erat,
1495 3317 1582 3370 nostrie

549 3411 605 3446 eam
620 3395 663 3448 stbi
677 3397 818 3464 vendicare,
831 3415 889 3452 cum
902 3417 953 3452 non
970 3403 1091 3454 haberent
1106 3419 1208 3453 manum
1222 3400 1258 3452 ita
1272 3398 1390 3466 validam,
1414 3415 1460 3450 nec
1481 3409 1582 3450 tantum

548 3478 679 3546 populum,
692 3494 738 3530 nec
751 3477 785 3529 ita
795 3481 868 3531 rebus
881 3477 1019 3532 neced‘ariis
1033 3480 1166 3546 munitum,
1180 3492 1208 3530 ut
1220 3479 1252 3531 ad
1266 3477 1375 3548 srngulos
1389 3481 1582 3533 sarracenorum

549 3557 659 3624 impettu
672 3557 696 3608 &
708 3558 848 3609 cotidianos
861 3557 961 3612 assultus
975 3559 1071 3630 possent
1084 3559 1132 3612 sme
1146 3559 1222 3612 muria
1232 3558 1346 3611 resistere.
1365 3559 1451 3610 Habet
1461 3557 1582 3610 Damieta
1596 3571 1774 3620 marowa,

551 3653 594 3705 per
617 3635 747 3689 circuitum
761 3638 825 3690 duos
844 3656 938 3705 mutua,
960 3651 1040 3692 turrea
1058 3639 1165 3692 maiores
1184 3657 1214 3703 32
1234 3641 1258 3690 dt
1275 3655 1364 3708 parvae
1386 3651 1468 3690 turres
1489 3637 1583 3706 absque
1596 3634 1739 3697 llum,
1750 3635 1792 3692 ΠΙ,

550 3733 662 3770 numero.
677 3718 718 3769 De
731 3717 850 3770 Damieta
864 3720 941 3788 usque
953 3721 986 3772 ad
999 3733 1111 3772 montem
1126 3721 1211 3790 Synay
1228 3737 1257 3783 33
1272 3718 1339 3771 diete
1349 3717 1484 3788 conputari
1496 3717 1583 3770 dicun·
1596 3715 1617 3760 P·
1632 3698 1686 3757 4²⁸·

550 3809 600 3862 tut,
613 3798 637 3848 dt
651 3798 683 3849 de
695 3809 782 3850 monte
795 3800 880 3869 synay
895 3800 971 3868 usque
984 3800 1118 3853 Ierusalem
1133 3801 1199 3852 diete
1215 3816 1247 3862 ²3
1263 3799 1327 3863 sunt,
1335 3799 1395 3850 item
1405 3797 1437 3851 de
1450 3797 1583 3851 Ierusalem

551 3877 628 3946 usque
642 3877 754 3930 Baldach
770 3897 800 3931 ra
813 3879 879 3932 diete
890 3880 954 3948 sunt,
967 3881 990 3934 dt
1003 3879 1061 3932 inde
1075 3891 1183 3949 quatuor
1198 3879 1274 3948 usque
1289 3880 1319 3930 M
1324 3879 1425 3945 etham,
1447 3879 1512 3930 ultra
1526 3877 1584 3932 Bal-

551 3957 617 4010 dacb
629 3958 662 4008 ad
676 3978 689 4025 5
704 3958 784 4010 dietas
798 3977 864 4011 noua
878 3959 1016 4026 Yconium,
1031 3977 1080 4029 que
1090 3959 1124 4012 est
1136 3961 1168 4012 ad
1182 3973 1231 4012 trea
1241 3961 1321 4012 dietam
1335 3960 1367 4010 de
1383 3961 1485 4012 Mecca.
1500 3959 1584 4012 Terta

552 4037 597 4089 hec
611 4038 635 4090 in
648 4038 739 4108 hyeme
753 4037 786 4090 est
800 4038 872 4091 nimia
885 4037 1013 4108 liigida&
1032 4040 1056 4091 in
1076 4040 1153 4091 estate
1174 4038 1248 4090 nimie
1267 4038 1356 4091 calida.
1377 4041 1457 4108 Super
1471 4048 1584 4091 montem

551 4119 638 4191 Synay
650 4121 752 4174 ecclesra
771 4123 804 4174 esi
822 4123 903 4176 sandie
924 4122 1073 4188 Katherine,
1094 4137 1170 4189 quam
1195 4119 1321 4171 honorant
1339 4117 1478 4172 sarraceni.
1503 4119 1584 4189 Apud

551 4199 682 4270 Kayrum,
694 4202 737 4254 ubi
751 4201 819 4256 sedes
840 4203 873 4255 ed
893 4203 963 4273 regni
982 4201 1089 4272 Egypti,
1108 4200 1150 4252 ubi
1168 4199 1223 4252 sunt
1241 4201 1334 4268 palme,
1352 4202 1375 4252 δι
1395 4199 1430 4251 ibi
1444 4201 1478 4252 eli
1494 4201 1585 4270 palma,

552 4297 602 4350 que
615 4279 637 4333 se
650 4281 777 4334 inclinavit
789 4283 822 4334 ad
837 4284 911 4352 pedet
927 4272 1000 4337 beate
1015 4282 1108 4346 Marie,
1120 4279 1263 4350 srequentet
1277 4279 1323 4332 suit
1343 4279 1427 4345 incisa,
1447 4281 1471 4332 dr
1490 4279 1585 4350 semper

551 4362 665 4428 recrevit,
677 4363 701 4414 dr
715 4363 793 4418 modo
805 4363 933 4416 Sarraceni
951 4381 1008 4419 eam
1028 4361 1100 4422 valde
1118 4361 1254 4416 honorant.
1278 4359 1316 4412 Ibi
1336 4376 1416 4438 prope
1435 4360 1492 4413 sunt
1513 4359 1585 4417 vinee
