3656 5648
393 565 467 654 70.
494 527 713 625 Albericus
736 527 872 621 Trium
895 525 1088 621 Fortium.
1204 549 1259 649 95

236 803 348 864 balsami,
362 805 386 855 st
399 802 520 870 nusquam
534 801 577 854 rifi
591 801 625 854 rbi
640 801 719 853 modo
729 799 839 852 crescere
849 798 947 862 dicitur,
960 797 1018 866 quia
1029 797 1068 850 'ibi
1088 799 1122 852 ell
1139 797 1204 862 sons,
1220 798 1264 850 ubi

236 887 312 939 beata
326 883 413 936 Maria
426 883 526 936 lavabat
537 900 636 953 pannos
645 882 740 947 Iesu&
751 881 818 934 hunc
827 878 921 932 sontem
932 878 1041 932 similiter
1049 879 1176 932 Sarraceni
1185 879 1264 933 bono·

139 976 163 1020 Ρ·
175 971 223 1020 9⁰9
236 967 301 1018 rant.
325 966 366 1018 De
379 964 472 1034 Kayro
484 963 561 1033 usque
573 961 757 1016 Alexandriam
773 980 785 1026 3
799 960 866 1014 diete
877 978 921 1029 per
935 971 1026 1012 terram
1039 962 1063 1012 sc
1077 964 1092 1012 6
1107 977 1151 1028 per
1163 976 1264 1027 aquam.

236 1047 294 1098 Hoc
307 1044 401 1096 flumen
414 1062 465 1095 non
478 1044 511 1096 esi
525 1043 596 1096 iuxta
606 1060 694 1096 muros
707 1041 871 1106 Alexandrie,
884 1040 924 1093 sed
939 1039 1124 1109 aliquantulum
1145 1040 1229 1110 longe,
1241 1043 1264 1094 δι

237 1127 270 1180 cll
284 1125 319 1177 ibi
331 1124 408 1190 farus,
421 1125 486 1177 unde
501 1124 585 1177 vident
600 1125 624 1177 in
638 1122 700 1176 mari
713 1134 788 1176 naute
801 1121 884 1192 ignem
897 1120 979 1173 lucere
991 1121 1023 1172 de
1037 1121 1119 1185 noble,
1132 1133 1160 1172 ut
1177 1120 1265 1190 possint

238 1218 337 1276 portum
352 1216 442 1257 tenere.
457 1207 485 1256 In
501 1203 658 1258 Alexandria
677 1201 710 1256 eli
723 1201 824 1256 ecclesia
838 1201 913 1254 sancii
931 1199 1015 1254 Marci
1029 1201 1053 1254 δι
1066 1201 1121 1253 sunt
1138 1201 1172 1252 ibi
1186 1201 1266 1254 multe

238 1286 338 1339 ecclelia
352 1285 511 1338 surianorum
526 1287 548 1338 ἃ
563 1285 763 1337 Iacobianorum.

139 1365 220 1461 {59¹¹
277 1357 371 1417 Anno
389 1371 472 1417 1221.
493 1365 541 1418 llic
556 1365 639 1417 scribit
649 1365 758 1417 summus
775 1363 886 1432 pontifex
903 1361 1030 1414 Honorius
1040 1361 1156 1414 omnibus
1169 1361 1264 1415 archic-
1281 1382 1336 1418 saar

37 1413 224 1540 Αιέἕῶξ
237 1444 343 1515 piscopis
357 1447 663 1512 Galliarum,cardinalem
678 1445 807 1524 Pelagii-tm
818 1443 955 1514 scripsifl'ea
966 1444 1077 1514 partibus
1089 1443 1266 1510 transmarinis,

236 1526 305 1593 quod
319 1544 360 1579 rex
376 1527 471 1592 David,
483 1529 525 1597 qui
539 1527 656 1597 presbiter
668 1527 792 1578 Iohannes
805 1524 953 1595 appellatur,
966 1523 1002 1576 vir
1024 1523 1114 1576 timens
1132 1525 1225 1588 Deum,
1240 1525 1265 1576 in

236 1622 311 1658 manu
336 1608 432 1675 potenti
455 1608 580 1660 Persrdem
603 1606 724 1676 ingrersus
747 1608 770 1658 ἃ
798 1605 901 1658 soldano
920 1603 1024 1656 Persidis
1048 1603 1114 1656 bello
1136 1605 1265 1674 campestri

234 1687 343 1750 derisio,
357 1699 448 1739 terram
462 1688 513 1740 eius
524 1705 568 1757 per
583 1705 617 1750 aa
630 1687 709 1740 dietas
721 1685 841 1738 invadens
850 1687 874 1738 dr
883 1701 1021 1753 occupans,
1027 1683 1052 1736 in
1061 1701 1090 1735 ea
1100 1694 1168 1736 tenet
1178 1701 1267 1752 quam-

236 1767 318 1837 plures
331 1768 441 1820 munitas
454 1767 603 1822 civitates&
617 1768 706 1833 casira,
729 1780 878 1836 tantumque
897 1768 930 1818 ab
950 1765 990 1817 illa
1010 1779 1080 1834 parte
1099 1766 1222 1835 procelsrt,
1238 1781 1265 1819 ut

235 1846 329 1900 nonnisi
344 1865 387 1916 per
405 1867 435 1900 ιο
448 1847 527 1900 dietas
540 1847 614 1902 dillet
632 1848 752 1900 exercitus
766 1847 817 1900 eiua
835 1865 850 1898 a
871 1847 982 1910 Baudaa,
1004 1845 1114 1898 maxima
1131 1847 1155 1898 a
1172 1845 1267 1900 famosa

235 1926 347 1990 civitate,
360 1943 408 1995 que
422 1925 505 1990 calise,
518 1926 569 1978 eius
583 1925 707 1990 videlicet,
725 1943 802 1995 quem
823 1925 952 1978 Sarraceni
972 1925 1043 1977 snum
1057 1925 1209 1978 sacerdotem
1222 1943 1267 1995 ap·

235 2003 336 2074 pellant,
349 2006 418 2058 sedes
434 2005 482 2059 elie
495 2005 586 2058 dicitur
596 2005 712 2076 specialis.
735 2003 813 2058 Cuius
831 2004 921 2056 timore
936 2003 1052 2056 soldanus
1072 2004 1188 2074 Halapie,
1205 2023 1267 2076 cog-

235 2095 308 2135 natus
322 2083 482 2136 soldanorum
497 2083 601 2136 fratrum
618 2082 769 2137 Damasci&
787 2083 929 2148 Babilonie,
941 2083 1003 2135 vires
1021 2083 1084 2141 suas,
1099 2103 1162 2153 quas
1180 2103 1267 2154 prepa-

236 2177 333 2216 raverat
346 2176 434 2215 contra
447 2163 605 2216 christianum
625 2163 772 2229 exercitum,
792 2164 835 2234 qui
855 2163 975 2217 Damiate
994 2163 1110 2229 consrllit,
1125 2164 1267 2235 compulsus

235 2242 371 2294 streonae
385 2259 470 2311 regem
484 2256 629 2296 convertere
643 2255 820 2310 memoratum,
834 2245 858 2295 δι
872 2243 940 2312 quod
956 2243 1024 2295 idem
1036 2243 1135 2312 legatus
1150 2242 1266 2312 Pelagius

237 2322 301 2374 misrt
323 2323 427 2374 nuncios
447 2324 502 2375 suos
522 2323 546 2376 in
567 2323 718 2392 Arigniam,
735 2335 826 2377 terram
850 2321 1065 2393 Georgianorum,
1082 2321 1124 2392 qui
1146 2323 1200 2375 sunt
1222 2321 1267 2375 viri

237 2401 353 2455 catholici
366 2405 390 2455 dc
403 2415 517 2471 potentes
529 2403 554 2455 in
569 2405 653 2468 armis,
667 2404 795 2472 rogans&
809 2404 951 2464 obsecrans,
965 2415 992 2455 ut
1005 2405 1029 2455 a
1046 2403 1088 2472 ipsr
1101 2421 1130 2456 ειι
1143 2414 1215 2472 parte
1224 2404 1266 2454 sua

238 2500 355 2552 guerram
364 2495 483 2535 moveant
492 2484 640 2536 sarracenis.
651 2468 687 2534 ln
700 2473 807 2536 litteris
818 2473 920 2552 etian't,
928 2493 1003 2556 quas
1014 2471 1267 2534 miseruntTem-

33 2558 116 2602 Μὴ
132 2556 160 2630 df
175 2571 225 2618 ’Ψ
240 2550 325 2636 plarij
337 2551 698 2634 lt¹gebatur,quodidemrex
705 2563 819 2618 Dauidin
830 2565 942 2633 partibus
952 2561 1137 2617 Orientisiuxta
1144 2561 1267 2616 Persidem

60 2617 217 2727 efffl’cke
240 2643 369 2712 quoddam
383 2660 488 2712 regnum
503 2643 640 2713 acquisivit,
660 2643 684 2696 in
700 2661 752 2714 quo
766 2643 820 2695 sunt
837 2661 886 2708 300
898 2643 1021 2708 civitates,
1038 2641 1147 2713 exceptis
1166 2643 1268 2696 castellis

75 2715 114 2805 9⁸9,
125 2755 209 2804 5357,
219 2711 227 2736 ’
238 2723 262 2774 δι
275 2722 406 2787 casalibus,
417 2725 439 2775 δι
459 2724 527 2777 aliud
542 2741 657 2793 regnum,
669 2725 694 2776 in
707 2741 759 2794 quo
772 2725 828 2776 sunt
844 2741 894 2788 300
906 2725 1003 2778 circiter
1016 2741 1073 2776 cum
1093 2723 1206 2790 castellis,
1222 2723 1268 2776 flu·

239 2801 307 2854 mina
320 2807 353 2855 ⁶6
368 2804 502 2868 currentia,
514 2805 537 2856 δι
551 2805 620 2874 quod
633 2805 767 2858 exercitum
783 2804 854 2856 suum
867 2803 891 2856 in
904 2823 938 2868 4⁰
947 2803 1060 2874 partibus
1074 2803 1194 2871 divissa&
1206 2822 1269 2874 qua·

240 2879 301 2934 libet
318 2893 388 2950 parte
405 2901 508 2936 ιοοοοο
522 2897 691 2953 pugnatorum
707 2884 843 2937 constituit.

280 2961 375 3023 Anno
394 2977 477 3024 1220.
502 2961 572 3025 Post
584 2963 762 3045 captionem
785 2961 930 3024 Damiate
945 2959 1074 3044 quedam
1090 2961 1214 3022 inventa
1227 2959 1269 3022 est
1285 2983 1344 3019 raso

241 3069 297 3131 pro
321 3049 402 3112 betia
424 3049 454 3112 in
476 3050 593 3134 templo
609 3051 846 3114 Sarracenorum
869 3049 976 3112 litteris
991 3049 1137 3114 Cbaldeis
1151 3048 1270 3130 scripta,

239 3158 333 3222 quarn
379 3159 488 3202 omnus
509 3138 658 3224 Pelagius,
679 3135 859 3202 Alhanensrs
883 3137 1041 3222 episcopus
1062 3137 1270 3200 cardinalis&

239 3227 356 3309 legatus
371 3228 401 3288 in
417 3228 551 3310 partibus
570 3229 640 3308 illis,
659 3230 688 3291 in
712 3228 857 3292 Latinum
880 3228 953 3290 fecit
973 3227 1135 3304 transferri,
1149 3225 1179 3289 δι
1193 3225 1270 3288 misrt

240 3314 374 3377 Romam
386 3314 502 3401 domno
514 3339 592 3399 pape
598 3346 607 3393 3
622 3337 714 3402 quant
729 3317 852 3402 quidam
865 3315 1004 3398 magister
1018 3312 1148 3378 lacobus
1159 3315 1271 3377 conili-

241 3419 323 3465 tutus
338 3423 355 3463 a
371 3403 486 3465 domno
500 3425 581 3488 papa
595 3405 711 3488 legatus
735 3403 926 3482 Hibernie,a
947 3403 1048 3466 Roma
1068 3404 1177 3467 detulit
1197 3401 1270 3468 Cla·

242 3489 429 3570 ramvallem,
438 3492 564 3556 tendens
581 3493 771 3556 Hiberniam.
783 3489 818 3554 In
831 3492 888 3554 hac
899 3493 1061 3575 prophetia
1071 3493 1272 3556 astronomica

242 3577 339 3641 multa
353 3579 590 3643 continebantur
603 3581 641 3643 de
654 3582 723 3658 hiis,
736 3602 797 3664 que
811 3581 956 3663 preterita
971 3579 1036 3642 sunt
1058 3581 1088 3642 in
1104 3597 1182 3644 terra
1198 3601 1270 3662 pro-

243 3665 399 3745 missionis,
410 3667 447 3729 de
459 3667 631 3748 Noradino,
642 3670 679 3732 de
692 3668 884 3746 salahadino,
896 3668 933 3730 de
945 3670 1087 3751 captione
1101 3667 1272 3746 Ierusalem,

243 3757 281 3818 de
296 3754 417 3818 duobus
431 3757 551 3840 regibus
567 3755 709 3841 Philippo
735 3757 760 3820 F
762 3759 874 3834 rancie,
895 3756 1049 3819 Richardo
1074 3756 1198 3840 Anglie,
1218 3759 1270 3841 qui

243 3847 359 3907 Acram
374 3864 639 3929 recuperaverunt,
650 3849 687 3910 de
703 3845 890 3910 subversione
906 3845 1064 3909 Ascalonia
1074 3845 1104 3908 δι
1115 3845 1152 3908 de
1169 3844 1272 3908 multis

242 3932 320 4011 aliis,
334 3933 393 3994 iam
418 3933 504 3997 fastis
529 3935 558 3996 in
583 3952 662 3998 terra
683 3934 895 4017 promissionis,
916 3933 946 3996 dt
970 3936 1053 4016 quod
1073 3953 1153 3994 anno
1175 3951 1213 4016 29
1234 3935 1272 3996 ab

243 4021 327 4083 Aera
342 4037 520 4103 recuperata
534 4025 681 4106 capienda
695 4022 766 4086 esset
789 4045 805 4084 a
823 4021 990 4085 christianis
1011 4021 1165 4099 Damieta,
1185 4021 1215 4084 δι
1234 4023 1272 4086 de

244 4117 368 4202 Pelagio
394 4121 539 4183 cardinali
562 4120 657 4184 multa
679 4115 720 4182 ibi
742 4121 936 4198 notabantur,
957 4141 1017 4202 que
1038 4119 1117 4181 sorte
1136 4119 1223 4182 aliter
1244 4121 1272 4183 se

243 4207 424 4270 habuerunt.
447 4207 547 4273 Huius
568 4211 654 4271 modi
676 4209 758 4272 enim
782 4208 952 4292 prophetia,
971 4207 1044 4270 licet
1065 4209 1095 4269 in
1120 4205 1272 4291 aliquibus

244 4315 350 4358 verum
371 4296 462 4375 dicat,
484 4297 513 4358 in
534 4298 635 4362 multis
656 4315 757 4398 tamen
781 4297 904 4380 decipit.
929 4295 1103 4358 Notabatur
1130 4299 1221 4359 etiarn
1241 4300 1271 4362 in
