3716 5628
550 536 644 627 ¹99·
680 501 838 596 flavius
859 501 1053 596 Blondus.
1220 532 1304 626 275

285 770 410 853 quidem
424 767 614 832 craffitudine
627 765 658 829 δι
676 763 851 829 celsitudine
873 764 916 828 illi
938 765 1051 848 similis,
1071 790 1163 852 quam
1178 768 1214 831 ad
1231 767 1381 831 Pha-1218

285 879 341 920 ron
362 856 527 935 &Nilum
549 855 644 918 stante
669 876 797 918 romano
823 857 962 938 imperio,
987 855 1070 919 fuisse
1095 859 1234 940 legimus,
1259 856 1306 918 sed

284 967 344 1028 que
358 944 534 1007 suburbium
548 944 578 1007 δι
593 960 796 1007 mercatorum
817 945 981 1027 apothecas
1002 966 1037 1007 ac
1059 946 1180 1028 publica
1199 948 1308 1007 horrea

284 1033 395 1117 pyratis
408 1032 624 1115 nodturnisque
639 1032 823 1114 predonibus
838 1047 994 1096 tutaretur.

326 1120 540 1209 Quamobrem
553 1121 606 1184 sub
627 1119 719 1183 nostri
739 1123 891 1183 exercitus
910 1121 1059 1184 accessum
1074 1123 1190 1185 addidit
1203 1122 1309 1185 Solda·

284 1233 340 1274 nus
356 1211 497 1272 suburbio
513 1211 634 1293 utrique
650 1207 821 1292 presidia&
842 1210 1028 1272 munitiones
1049 1212 1183 1293 undiquc
1199 1210 1309 1271 instau-

285 1301 370 1364 ravit.
385 1297 445 1361 Eas
460 1300 535 1359 dum
549 1296 640 1360 nostri
651 1314 829 1380 oppugnant
842 1298 1028 1362 munitiones
1041 1300 1209 1382 turrimque
1222 1299 1310 1359 undi-

285 1410 344 1472 que
358 1387 507 1448 machinis
522 1388 672 1469 quatiunt,
685 1386 775 1448 multi
790 1409 844 1468 per
858 1387 922 1448 dies
937 1386 1067 1469 singulos
1082 1388 1230 1466 cecidere,
1239 1408 1309 1448 cum

285 1493 386 1539 tamen
401 1495 438 1536 ea
458 1475 567 1536 maiori
587 1473 724 1535 barbarie
747 1473 859 1537 occisio
880 1477 1134 1554 committeretur,
1158 1476 1310 1559 evicitque

285 1563 510 1627 fortillimorum
524 1584 560 1624 ex
581 1561 665 1623 onuri
690 1563 823 1644 pervicia
838 1561 959 1625 alternis
975 1565 1174 1645 pugnantium
1195 1563 1311 1624 nostro-

223 1687 225 1690 ·
285 1673 354 1714 rum
367 1653 473 1730 virtus,
488 1650 517 1713 δι
533 1650 676 1732 superatis
697 1649 919 1712 munitionibus
942 1666 1103 1731 acceptum
1124 1652 1207 1714 cedis
1226 1652 1312 1712 darn-

284 1762 358 1804 num
377 1739 510 1822 decuplo
530 1739 606 1801 hosti
631 1738 783 1801 redditum
806 1736 880 1821 [est].
896 1741 1032 1801 Annona
1045 1761 1119 1800 vero
1143 1741 1173 1802 in
1195 1741 1311 1802 horreis

284 1827 546 1909 mercimoniaque
557 1825 674 1908 re'perta
683 1828 713 1888 in
722 1827 880 1908 apothecis
891 1847 962 1888 curn
971 1825 1059 1888 militi
1070 1823 1208 1888 concessa
1219 1827 1313 1906 fuere,

284 1916 442 1998 opulentia
461 1913 695 1977 christianorum
717 1913 811 1977 castra
832 1912 918 1976 simul
939 1914 1089 1977 &leticia
1109 1915 1175 1976 sunt
1188 1914 1311 1997 repleta.

285 2004 402 2086 Hyems
414 2005 473 2065 iam
486 2003 575 2084 plane
586 2003 687 2064 media
697 2020 770 2082 erat,
781 2003 811 2064 dc
822 2003 925 2082 Nilus,
937 2025 1029 2086 quern
1042 2003 1212 2066 aconsueta
1222 2001 1313 2064 inun-

284 2091 407 2154 datione
420 2093 511 2174 perid
524 2093 671 2173 temporis
682 2092 782 2153 timeri
790 2113 853 2153 non
864 2093 1013 2174 oportuit,
1021 2093 1059 2154 ab
1067 2093 1158 2153 maris
1170 2091 1313 2170 illatione,

286 2201 377 2263 quam
391 2201 482 2242 eurus
497 2181 646 2242 maximus
661 2181 786 2258 invexit,
799 2183 878 2262 ripas
893 2178 1023 2264 egressus
1038 2180 1089 2254 est,
1100 2182 1177 2242 adeo
1188 2195 1221 2242 ut
1233 2182 1314 2241 unda

285 2269 375 2331 maris
390 2266 535 2330 immensa
548 2267 671 2345 sublata,
679 2267 716 2330 de
725 2270 822 2331 amnis
832 2268 1212 2330 redundantianostrorum
1220 2267 1315 2331 castra

285 2357 453 2442 pervaserit.
470 2357 563 2418 Unde
577 2357 867 2438 impedimentorum
883 2357 998 2420 iadiura
1013 2358 1092 2420 fasta
1110 2357 1139 2419 δι
1159 2377 1314 2418 commea-

285 2461 372 2508 tuum
387 2466 453 2528 pars
469 2447 601 2507 maxima
614 2460 758 2526 corrupta
776 2445 827 2506 est.
851 2444 911 2508 Cui
931 2443 1012 2506 malo
1034 2445 1167 2506 remedia
1188 2443 1314 2525 desuper

284 2535 360 2597 adeo
385 2533 547 2596 cardinalis
572 2531 688 2614 legatus
710 2532 890 2615 &episcopi
914 2532 1138 2615 sacerdotesque
1159 2532 1315 2615 querenda

286 2620 343 2684 else
371 2619 525 2684 iusserunt.
553 2618 663 2702 quue
686 2619 773 2682 linito
801 2622 917 2683 ieiunio
938 2623 1029 2683 maris
1051 2620 1251 2703 tranquillitas
1273 2621 1315 2683 est

285 2712 395 2790 secuta,
405 2733 468 2792 quo
494 2709 605 2772 iterum
630 2709 679 2772 die
703 2712 801 2772 maior
818 2709 879 2773 Dei
906 2710 1092 2793 benignitate
1107 2710 1235 2773 vidiorie
1250 2709 1314 2793 spes

285 2798 452 2862 christianis
477 2820 514 2861 cx
541 2798 702 2881 improviso
728 2799 851 2862 affluxit.
877 2797 999 2861 Soldani
1025 2799 1126 2876 castra,
1147 2821 1207 2882 que
1230 2797 1314 2860 suurn

285 2888 387 2951 nostro
403 2891 548 2950 maiorem
563 2887 730 2950 exercitum
746 2888 912 2966 servabant,
927 2909 944 2948 a
962 2888 1193 2950 christianorum
1214 2889 1315 2952 castris

286 2975 452 3058 &abipsa
474 2977 547 3040 urbe
571 2976 717 3040 Damiata
737 2977 842 3055 fluvio,
865 2979 902 3039 de
928 2999 990 3060 quo
1015 2977 1157 3055 diximus,
1179 2978 1316 3039 tenuiore

286 3063 517 3145 dirimebantur,
538 3088 598 3148 que
623 3083 723 3128 tamen
748 3065 784 3127 ad
809 3065 892 3128 mille
918 3063 1015 3148 passus
1039 3066 1077 3128 ab
1099 3065 1163 3146 ipso
1180 3064 1317 3126 distantia

286 3153 379 3214 fluvio
394 3153 461 3216 Nili
478 3155 587 3236 integri
602 3155 667 3236 ripe
678 3171 765 3216 erant
778 3155 922 3236 apposita,
935 3155 1015 3216 unde
1031 3151 1157 3234 presidia
1168 3154 1199 3214 in
1212 3153 1317 3214 urbem

286 3241 473 3324 nunciosque
498 3243 638 3304 mittendi
664 3241 790 3306 facultas
815 3241 940 3305 soldano
971 3243 1102 3304 maxima
1131 3257 1205 3319 erat,
1232 3241 1315 3323 quod

287 3329 394 3412 scaphe
419 3332 450 3391 in
466 3330 559 3393 fluvio
573 3328 712 3412 disposite
727 3330 756 3393 ἃ
770 3353 808 3393 ex
829 3332 903 3393 urbe
918 3331 949 3392 in
972 3329 1052 3393 illius
1067 3327 1162 3392 castra
1180 3330 1316 3390 dimitte·

288 3417 434 3481 rentur&
456 3420 612 3482 venientes
635 3419 730 3481 noblu
752 3440 787 3481 ac
803 3420 956 3481 interdum
979 3420 1226 3482 introducerent:
1242 3438 1316 3500 quas

288 3507 371 3570 illico
386 3506 545 3570 subductas
560 3507 646 3570 nullo
656 3507 749 3569 nostri
765 3509 886 3591 navigio
909 3525 1051 3589 poterant
1071 3507 1257 3589 intercipere.
1271 3504 1318 3568 Ea

289 3615 322 3656 re
336 3595 490 3658 intelledla
504 3595 618 3658 incellit
633 3595 751 3658 nostros
775 3595 887 3656 milites
907 3594 1002 3656 libido
1026 3594 1213 3677 inspiciendi,
1235 3592 1317 3676 sique

289 3681 385 3765 posset
395 3684 465 3746 urbs
477 3685 567 3745 unica
576 3681 731 3746 obsidione
746 3683 823 3746 ultra
833 3684 970 3766 citraque
982 3683 1110 3746 fluvium
1120 3683 1317 3746 circumdari:

289 3791 367 3854 quos
394 3793 465 3833 cum
494 3769 611 3834 vidisset
639 3773 669 3833 in
697 3769 824 3834 alteram
859 3771 1012 3834 traductos
1047 3773 1145 3854 ripam
1178 3770 1318 3834 soldanus

289 3861 421 3922 amentia
451 3861 552 3943 potius
583 3881 675 3943 quam
708 3880 820 3941 pavore
848 3860 1026 3942 perterritus
1062 3861 1121 3923 est:
1157 3860 1318 3943 paucisque

289 3949 411 4011 dimissis
435 3949 689 4031 exploratoribus,
716 3952 768 4032 qui
793 3945 961 4031 progressos
987 3948 1179 4030 inspicerent,
1204 3947 1318 4032 sibique

291 4039 513 4114 renunciarent,
539 4038 632 4100 castra
667 4039 786 4122 fugiens
820 4039 1048 4120 impedimentis
1083 4054 1319 4121 commeatuque

291 4127 383 4210 plena
404 4125 536 4209 reliquit.
562 4126 767 4210 Videntesque
795 4127 962 4210 fugientem
990 4128 1170 4189 continuato
1198 4125 1317 4208 agmine

292 4213 459 4278 densrffimo
475 4215 633 4278 barbarum
648 4214 798 4278 christiani
813 4214 925 4278 milites
939 4233 1019 4278 trans
1042 4235 1163 4277 amnem
1187 4229 1318 4297 agentes,

293 4303 387 4386 perse
408 4302 554 4387 quidnam
576 4324 611 4366 ea
631 4301 683 4366 fibi
705 4303 797 4367 vellet
817 4304 979 4388 proieblio,
1000 4302 1171 4386 inspedluri,
1194 4303 1318 4385 propius
