3726 5628
575 517 652 608 182
713 515 955 646 testimonia
976 515 1017 607 in
1044 515 1265 606 Germania
1275 513 1458 637 scripto.

565 767 824 852 Babenbergenfis
839 767 999 850 episcopus
1014 767 1044 831 bt
1059 767 1150 830 frater
1165 767 1230 830 eius
1241 767 1304 828 dux
1319 765 1472 843 Meranie,
1483 764 1596 847 Boppo

566 877 671 920 comes
690 853 729 920 de
750 855 989 934 Hennenbercb,
1014 855 1222 920 Luodewicus
1253 875 1358 918 comes
1377 854 1417 916 de
1445 853 1597 936 Otingen,

564 944 678 1029 aliique
690 944 843 1026 principes
856 942 887 1006 be
901 943 1021 1008 nobiles
1039 942 1127 1006 multi
1148 944 1187 1005 de
1202 938 1324 1007 diversus
1345 941 1480 1024 partibus
1503 956 1598 1004 terra-

566 1054 643 1096 rum.
661 1030 728 1119 Qui
750 1032 849 1095 statim
867 1033 1049 1096 accedentes
1072 1032 1108 1116 ad
1130 1047 1270 1094 montem
1293 1029 1436 1110 Thabor,
1450 1030 1598 1094 munitio·

566 1141 637 1184 nem
652 1121 806 1205 quandam
821 1122 851 1184 in
866 1121 977 1184 eodem
992 1136 1097 1184 monte
1112 1141 1129 1182 a
1143 1119 1317 1184 sarracenis
1330 1117 1504 1182 edificatam
1524 1119 1598 1182 viri·

566 1210 635 1274 liter
657 1210 861 1293 expugnando
887 1225 1046 1292 ceperunt
1068 1206 1104 1272 In
1126 1209 1210 1272 brevi
1230 1225 1334 1272 autem
1361 1207 1464 1291 postea
1490 1206 1598 1271 reversi

567 1295 633 1360 sunt
647 1319 700 1362 rex
715 1298 864 1382 Ungarie,
878 1299 940 1380 dux
953 1297 1096 1362 Meranie
1110 1298 1140 1361 δι
1154 1297 1204 1382 alij
1221 1297 1347 1380 quidam
1360 1295 1489 1360 nobiles.

493 1410 552 1460 ms
607 1386 647 1449 A.
665 1387 749 1450 1218.
765 1385 842 1450 Dux
856 1386 979 1451 Austrie
993 1409 1066 1450 cum
1075 1387 1175 1470 legato
1192 1385 1332 1450 Romane
1346 1386 1440 1463 curie,
1454 1383 1484 1448 ἃ
1497 1384 1598 1450 Tem-

472 1497 527 1556 Apu.
540 1493 553 1540 s
568 1474 673 1556 plariis
691 1474 721 1538 &
742 1474 955 1558 Hospitalariis
975 1474 1005 1538 &
1024 1476 1161 1538 exercitu
1180 1473 1306 1558 copioso
1322 1474 1406 1536 eirca
1426 1474 1553 1556 palmae,
1566 1471 1597 1535 id

567 1563 698 1626 estante
720 1563 838 1645 pascha,
852 1563 889 1626 ad
909 1561 986 1627 fines
1005 1561 1118 1648 Egypti
1141 1562 1321 1627 accedentes
1341 1561 1499 1624 civitatem
1519 1582 1598 1644 opu-

537 1691 542 1718 ι
568 1650 759 1714 lentiffimam
781 1649 960 1716 Damiatam
980 1650 1137 1735 aliquanto
1167 1668 1307 1734 tempore
1330 1649 1523 1713 obsederunt.
1556 1648 1599 1712 Et

568 1753 694 1819 turrem,
706 1762 767 1823 que
781 1739 834 1804 sita
847 1738 889 1804 est
903 1740 990 1824 super
1003 1740 1117 1804 flumen
1133 1740 1209 1824 Nyli
1224 1739 1255 1804 be
1269 1740 1381 1803 dicitur
1395 1737 1489 1802 clavis
1508 1755 1599 1818 terre,

453 1850 512 1908 nug.
523 1861 554 1907 24
567 1827 656 1892 valde
670 1830 820 1892 munitam
836 1830 867 1894 in
885 1829 989 1913 vigilia
1004 1830 1083 1894 beari
1099 1828 1310 1892 Bartholomei
1320 1827 1527 1911 expugnando
1547 1845 1599 1890 ce-

567 1930 687 1998 perunt,
704 1915 884 1998 quibusdam
905 1916 947 1980 ibi
973 1915 1012 1980 de
1030 1916 1140 1980 nostris
1161 1915 1358 2000 pereuntibus
1377 1937 1432 1998 per
1450 1936 1599 1998 compen-

567 2003 652 2066 dium
681 2005 797 2082 mortis,
818 2003 866 2067 sed
892 2006 924 2068 in
951 2005 1037 2084 celis,
1051 2021 1085 2068 ut
1113 2005 1275 2082 credimus,
1298 2003 1464 2068 consociati
1490 2003 1598 2066 sanctis

566 2092 689 2175 angelis.
719 2091 827 2156 Postea
849 2114 923 2157 vero
952 2109 1126 2177 expugnata
1145 2093 1279 2171 civitate,
1302 2091 1331 2156 δι
1353 2093 1438 2155 brevi
1459 2109 1598 2176 tempore

566 2180 756 2263 exigentibus
771 2183 906 2263 peccatis
918 2202 1026 2245 eorum
1046 2203 1115 2244 eam
1130 2183 1305 2260 retinentes,
1328 2173 1597 2264 it‘e'fa'io‘p'e'ffide·

566 2286 639 2332 runt
651 2268 719 2331 casu
741 2265 939 2350 lamentabili,
957 2265 1032 2334 licut
1048 2265 1198 2354 hyllorica
1212 2263 1309 2333 ¹refert
1327 2270 1417 2333 buius
1437 2270 1480 2332 rei
1508 2267 1597 2352 geste.

568 2356 654 2421 Alias
664 2357 695 2421 δι
707 2377 760 2440 per
772 2356 848 2422 alios
863 2357 994 2441 qualiter
1004 2359 1065 2421 hoc
1080 2359 1215 2422 evenerit
1230 2358 1361 2441 pleniter
1376 2373 1536 2421 exaratum
1547 2355 1601 2440 elb

566 2445 640 2510 sicut
655 2447 686 2509 in
704 2448 834 2510 armario
850 2446 1051 2512 Novi-Castri
1067 2447 1197 2531 diligens
1211 2446 1309 2510 lector
1324 2447 1462 2510 invenire
1477 2446 1598 2529 poterit.

495 2569 553 2603 1222
607 2535 647 2598 Α.
670 2551 755 2612 2222,
775 2535 814 2596 de
841 2550 921 2597 terra
941 2532 1098 2598 Persarum
1127 2535 1280 2598 exercitus
1307 2555 1436 2618 magnus
1458 2534 1547 2596 valde
1568 2533 1633 2606 &a
1647 2555 1691 2606 ης

566 2622 665 2702 fortis,
683 2620 814 2706 egrellus
835 2625 874 2686 de
894 2621 1006 2686 finibus
1030 2621 1098 2702 suis,
1119 2643 1174 2706 per
1200 2623 1374 2686 adiacentes
1398 2622 1450 2685 subi
1473 2624 1599 2705 provin-

567 2710 629 2774 cias
643 2709 799 2774 transitum
811 2711 892 2791 fecit,
902 2712 955 2794 qui
968 2711 1148 2775 dicebantur
1159 2708 1243 2773 soille
1256 2711 1396 2774 homines
1408 2731 1517 2794 magne
1528 2730 1599 2794 pro·

567 2799 699 2864 ceritatis
713 2798 744 2862 iz
759 2799 868 2862 stature
882 2798 1057 2878 horribilis3
1071 2801 1155 2883 quod
1171 2815 1272 2862 tamen
1288 2821 1350 2862 non
1365 2800 1527 2863 credimus.
1540 2799 1597 2864 Sed

567 2888 680 2973 quade
698 2889 787 2951 caula
801 2888 902 2972 egressi
924 2889 1045 2968 fuerint,
1060 2888 1107 2951 vel
1129 2888 1202 2972 quid
1218 2890 1336 2972 egerint
1353 2889 1541 2971 ignoramus.
1562 2885 1598 2951 In

568 2977 652 3040 brevi
666 2998 740 3039 vero
752 2973 858 3039 reversi
875 2974 992 3041 suntad
1016 2979 1147 3060 propria.
1170 2975 1328 3040 Dicebant
1347 2991 1447 3039 tamen
1464 2976 1600 3060 quidam,

567 3067 650 3150 quod
666 3063 765 3127 versus
780 3064 946 3130 Coloniam
958 3064 1072 3129 vellent
1086 3068 1130 3129 ire
1146 3064 1248 3130 &tres
1264 3087 1370 3148 magos
1386 3065 1424 3127 de
1440 3083 1532 3150 gente
1543 3088 1598 3128 eo·

566 3174 634 3217 rum
660 3170 749 3218 natos
777 3153 892 3216 ibidem
918 3155 1068 3236 accipere.
1099 3155 1207 3218 Unum
1231 3170 1332 3217 tamen
1371 3152 1491 3232 scimus,
1512 3154 1595 3237 quod

567 3240 735 3307 Iudeorum
748 3264 823 3327 gens
843 3241 930 3326 super
950 3244 1062 3306 eodem
1082 3263 1205 3307 rumore
1224 3243 1338 3328 ingenti
1356 3242 1459 3306 leticia
1480 3242 1601 3306 exulta·

493 3325 496 3332 ⁴
568 3330 640 3394 bant
654 3331 684 3396 bt
698 3333 894 3396 vehementer
907 3332 959 3397 subi
980 3331 1215 3416 applaudebant,
1229 3330 1331 3394 nescio
1350 3331 1423 3413 quid
1446 3331 1484 3392 de
1499 3331 1600 3396 futura

567 3419 707 3485 libertate
728 3420 778 3485 sua
795 3443 834 3485 ex
846 3421 907 3486 hoc
921 3421 1082 3505 provenire
1099 3417 1151 3484 subi
1166 3419 1327 3502 sperantes,
1349 3419 1431 3482 unde
1452 3418 1599 3503 &regem

568 3507 648 3573 illius
659 3509 864 3576 multitudinis
877 3507 976 3574 filium
988 3507 1092 3574 David
1103 3507 1305 3592 appellabant

781 3701 856 3752 112.
884 3679 1089 3751 Mmomun
1113 3677 1403 3766 Eanuonnuusrs,

868 3841 1019 3910 Chronica
1036 3845 1134 3909 minor
1156 3854 1202 3920 (-
1218 3852 1307 3923 12⁶5).

855 3989 949 4056 [Perta
960 3987 1028 4042 Mon.
1042 3990 1135 4070 Geron,
1147 3989 1198 4056 SS,
1211 3989 1321 4055 mvn

1070 4093 1089 4137 2

497 4233 557 4281 1²¹4
613 4191 674 4258 Hic
689 4209 768 4276 papa
783 4189 989 4254 innocencius
1000 4183 1058 4266 ΙΙΙ,
1076 4186 1273 4271 pontificatus
1287 4187 1328 4252 sui
1349 4209 1432 4252 anno
1460 4189 1503 4268 18,
1518 4209 1599 4252 anno
1614 4221 1637 4268 p
1650 4207 1693 4268 ¹⁹⁶

570 4302 643 4345 vero
658 4278 789 4345 Domini
818 4296 903 4360 1214,
925 4279 956 4342 in
984 4276 1180 4344 Lateranensu
1208 4277 1326 4360 palacio
1346 4276 1513 4360 plurimum
1541 4277 1600 4340 sol-
