3656 5648
558 521 609 618 18
721 523 965 651 ‘'laslimooio
997 521 1039 612 iss
1071 515 1222 652 Belgio
1243 516 1426 643 scripto,

548 788 608 844 lium
619 789 792 858 contemserunt.
803 790 934 842 Habebunt
944 787 1112 854 autemsecum
1126 785 1296 852 levesscalas,
1307 783 1394 854 quibus
1406 785 1441 852 us
1448 783 1582 852 promptius

541 870 647 938 sursum
660 871 689 922 ὅ
704 871 817 936 deorsum
822 870 854 939 ss
866 871 1004 938 consecrent
1017 869 1046 919 ὅ
1054 865 1169 920 viriliter
1182 869 1361 926 contenderunt,
1377 875 1405 917 ut
1415 883 1468 916 cuns
1482 865 1582 935 ltoslibus

549 951 576 1004 in
589 950 657 1004 turri
674 949 803 1020 constitutis
822 967 909 1002 manus
926 948 1083 1015 consererent,
1098 947 1157 1014 sed,
1167 945 1232 1015 prob
1243 945 1320 1010 dolor,
1334 945 1413 1012 scale
1431 945 1485 1012 xiij
1501 946 1548 998 vel
1562 967 1582 1000 x

547 1034 621 1100 pedes
634 1032 707 1084 nimis
717 1033 811 1084 breves
823 1042 902 1082 erant.
915 1028 1079 1082 Nihilominus
1083 1028 1189 1096 fortiter
1198 1043 1250 1078 rem
1259 1026 1389 1095 gqlerunt
1402 1026 1442 1080 lbi
1452 1026 1502 1080 tela
1514 1027 1582 1080 emit·

551 1113 664 1166 tebantur
685 1112 762 1180 densa
775 1112 804 1164 ὅ
823 1127 911 1164 manus
929 1110 1077 1177 pugnabant
1091 1107 1200 1160 invicem
1220 1106 1346 1170 ard'ffme
1364 1106 1412 1160 itta
1429 1107 1458 1158 ὅ
1465 1110 1584 1177 fragore,

546 1191 646 1261 pagani
657 1190 821 1261 proiiciebant
835 1190 945 1260 lapidum
957 1189 1054 1257 &ignis
1063 1188 1143 1257 greci
1154 1187 1236 1240 molem
1245 1187 1271 1238 in
1279 1186 1359 1240 navis
1367 1187 1584 1256 propugnatum,

551 1275 615 1341 quod
625 1271 753 1341 christiani
761 1271 826 1342 ligno
835 1271 1027 1340 construxerant
1042 1271 1121 1321 Duces
1130 1266 1315 1335 cltrislianorum
1324 1265 1406 1320 valde
1419 1269 1583 1336 angebantur,

551 1369 582 1405 ne
593 1351 703 1420 Frisones
715 1351 769 1421 igni
777 1369 859 1420 greco
871 1351 1079 1413 comburerentur,
1085 1347 1136 1417 fid
1145 1345 1286 1400 auxiliante
1296 1349 1346 1400 Dea
1355 1345 1420 1415 ignis
1428 1347 1493 1400 nibil
1499 1349 1585 1416 nocuit,

552 1449 620 1502 quem
638 1432 721 1486 lotione
742 1431 783 1500 (id
802 1432 835 1501 esi
851 1428 941 1497 urina)
956 1430 983 1480 lei
997 1446 1078 1481 arena
1096 1427 1284 1496 exstinguerent.
1308 1425 1384 1479 Paulo
1394 1428 1445 1495 past
1458 1428 1585 1497 cleriff'sltans'

553 1511 711 1566 viriliter&
723 1512 816 1565 acriter
829 1510 854 1564 in
866 1511 942 1563 boras
952 1518 1100 1578 pugnantes,
1111 1517 1184 1577 atque
1202 1517 1300 1560 morum
1319 1506 1348 1558 ὅ
1360 1509 1468 1560 timorem
1487 1520 1584 1562 conum-

552 1604 633 1646 nsntes
644 1590 734 1660 scalas
756 1591 825 1644 turri
840 1589 1003 1659 apposuerunt
1015 1605 1144 1657 sortemque
1156 1589 1204 1639 duo
1221 1585 1276 1654 viij
1287 1589 1361 1654 pedes
1373 1586 1424 1638 alte
1439 1587 1465 1640 in
1480 1600 1583 1656 mrrem,
1805 1600 1812 1679 Ι

554 1672 645 1726 invitis
657 1671 769 1735 hostibus,
786 1668 944 1737 insiluerunt:
956 1669 1020 1722 alter
1032 1680 1090 1721 erat
1101 1667 1169 1722 miles
1182 1667 1285 1736 quidam
1299 1670 1333 1720 ab
1344 1668 1493 1722 Liocbborrsa
1504 1670 1586 1723 oriun-
1816 1679 1817 1682 ’

553 1756 609 1816 dus,
624 1749 689 1803 alter
700 1749 874 1803 nominabatur
888 1751 967 1818 Haya‚
989 1749 1057 1817 Frifis
1076 1766 1141 1802 vero
1158 1751 1190 1801 de
1209 1747 1339 1816 l'iolgama
1357 1759 1435 1814 ortus,
1450 1751 1494 1819 qui
1512 1767 1587 1803 manu
1599 1757 1622 1802 t·
1637 1741 1686 1801 3⁰⁶

545 1830 678 1900 flagellum
687 1831 793 1898 gerebat
800 1831 927 1896 ferreum,
944 1827 1031 1881 malleo
1042 1827 1185 1882 clavatum.
1213 1829 1289 1880 Ambo
1302 1839 1352 1880 tam
1367 1827 1462 1881 acriter
1476 1839 1587 1899 paganos

553 1911 666 1980 utrinque
676 1908 780 1977 &hostes
788 1909 920 1974 cadebant,
928 1919 956 1961 ut
967 1907 1005 1960 illi
1015 1908 1143 1975 desummo
1151 1907 1231 1960 turris
1231 1907 1336 1977 fastigio
1344 1907 1439 1976 desilire
1446 1920 1589 1978 cogerentur

547 1991 637 2058 subtus
655 1999 754 2042 mortem
771 1987 868 2041 obituri.
895 1991 951 2042 Duo
967 1989 1073 2058 Frisones
1089 1987 1254 2041 commilitones
1267 1988 1337 2055 suos,
1354 1998 1382 2040 ut
1397 1999 1492 2041 turrem
1504 1990 1589 2057 after-

555 2072 649 2135 eierent,
662 2067 830 2122 adiuvarunt.
854 2069 948 2120 Fadem
961 2069 1033 2133 bora,
1045 2086 1095 2137 qua
1117 2080 1167 2120 tam
1175 2065 1282 2137 sortiur
1295 2076 1432 2135 pugnatum
1447 2069 1486 2134 est,
1504 2071 1589 2122 cordi·

555 2149 631 2216 nales,
642 2149 682 2217 epi
693 2148 744 2217 copi
756 2149 783 2200 ὅ
790 2165 868 2201 amnes
877 2147 1006 2217 clerisltani
1012 2149 1117 2216 genibus
1121 2147 1202 2214 flexis
1211 2147 1354 2214 frendebant
1360 2156 1446 2214 preces
1455 2152 1589 2221 faventes

555 2233 634 2283 Deum
646 2246 679 2281 ex
691 2228 772 2281 intimo
789 2230 862 2281 carde
879 2237 1016 2296 precantes,
1033 2240 1060 2281 ut
1080 2228 1159 2280 turris
1177 2227 1308 2296 captionem
1326 2227 1483 2295 permitteret.
1503 2228 1590 2282 Statim

556 2325 628 2374 vero,
644 2319 671 2360 ut
680 2307 805 2360 viderunt
816 2305 924 2373 Frisonss
939 2323 993 2358 cum
1002 2306 1197 2360 commilitonibus
1208 2306 1262 2370 suis
1275 2305 1301 2358 ise
1306 2305 1408 2372 summa
1421 2307 1497 2373 turri,
1509 2308 1591 2362 valde

556 2386 634 2441 letati
650 2397 753 2439 cantare
766 2395 893 2455 caperunt
906 2389 956 2439 Deo
973 2385 1028 2455 regi
1044 2386 1176 2440 calorum.-
1204 2405 1215 2434 ι
1239 2385 1274 2438 ‘Ie
1291 2387 1371 2438 Deum
1381 2385 1515 2438 laudamus
1534 2406 1544 2434 ι
1565 2386 1595 2436 ὅ

556 2470 607 2520 Dea
620 2465 728 2520 iuvante
739 2466 824 2518 urbem
836 2476 932 2534 captum
944 2465 980 2517 iri
985 2465 1134 2536 sperarunt.
1156 2465 1255 2534 Pagani
1265 2476 1347 2517 autem
1358 2465 1402 2534 qui
1410 2463 1516 2534 imatus
1527 2483 1592 2518 ver·

549 2546 679 2613 sabantur
698 2544 724 2598 in
744 2545 819 2609 turri,
840 2561 955 2614 magnum
973 2544 1052 2614 ignem
1067 2549 1238 2610 accenderunt,
1254 2562 1298 2614 quo
1315 2543 1457 2612 clerislianos
1469 2545 1591 2614 supernos

556 2625 703 2692 stsffocarent
715 2625 744 2676 &i
755 2635 902 2688 cremarent,
912 2623 964 2691 sed
976 2625 1085 2693 irisones
1090 2624 1219 2693 sapienter
1233 2625 1431 2694 &providenter
1444 2641 1535 2695 aquam
1545 2635 1592 2694 per

549 2705 673 2774 seueslras
693 2703 771 2757 turris
788 2705 942 2772 petiverunt,
962 2723 1011 2774 qua
1030 2703 1065 2772 us
1077 2705 1198 2771 flammas
1214 2721 1288 2774 quam
1310 2704 1395 2773 optime
1413 2705 1591 2773 exstinxerunt.

559 2787 680 2852 Ceperunt
688 2801 783 2852 ‚quoque
800 2785 916 2838 carbones
932 2787 1056 2850 ardentes,
1066 2803 1121 2854 quos
1126 2784 1220 2852 fundis
1232 2784 1340 2837 iecerunt
1352 2784 1378 2836 in
1389 2783 1497 2854 edificia
1510 2787 1590 2852 urbis,

464 2856 470 2866 '
551 2864 634 2933 sicque
651 2880 767 2932 magnum
789 2862 925 2917 incendium
945 2864 1103 2932 excitarunt,
1121 2883 1174 2918 cum
1197 2875 1288 2918 ventes
1300 2865 1421 2930 stammas
1439 2865 1593 2934 propelleret,

559 2941 696 2994 incendium
710 2941 816 3010 undique
830 2942 922 2995 crevit.
943 2941 1021 2996 Cives
1041 2944 1098 2996 inde
1110 2943 1241 3012 perterriti
1251 2955 1335 3011 mant,
1353 2943 1403 3011 alis
1418 2947 1595 3000 concurrebant

560 3024 598 3074 ad
610 3039 690 3090 aquas
705 3021 972 3091 &submergebanlur,
983 3021 1032 3091 aiij
1042 3022 1095 3092 igni
1103 3023 1229 3092 peribant,
1240 3023 1289 3090 aiij
1297 3022 1477 3092 iugulabantur
1485 3044 1503 3076 a
1515 3025 1592 3093 cltrts·

560 3099 644 3166 tianis,
661 3101 710 3168 attj
719 3102 745 3154 in
756 3101 928 3171 captivitatem
939 3103 1135 3156 abducebantur.
1152 3102 1260 3170 Frisones
1272 3121 1326 3155 cum
1337 3102 1530 3157 commilitonibus
1537 3105 1592 3172 suis

560 3181 591 3232 de
603 3180 672 3232 turri
685 3179 710 3232 in
728 3181 814 3233 urbem
829 3181 936 3250 profesti
951 3181 1079 3248 thesauros
1090 3183 1241 3252 magnasque
1253 3183 1368 3236 exuvias
1379 3183 1547 3252 congeserunt,
1560 3183 1593 3246 Β,

561 3259 604 3331 qui
625 3257 733 3328 refislere
746 3262 907 3326 conabantur,
921 3260 1086 3314 trucidarunt.
1108 3260 1170 3315 Tam
1182 3261 1343 3330 splendidam
1361 3262 1496 3317 villariam
1510 3262 1594 3332 adepti

562 3339 678 3393 anclsoris
691 3339 804 3407 sublatis
828 3342 866 3392 ad
890 3340 1027 3394 exercitum
1048 3340 1232 3408 christianorum
1254 3341 1383 3395 redierunt
1407 3359 1461 3394 cum
1485 3340 1594 3393 massinss

563 3417 693 3488 triumpho.
710 3421 769 3473 Haec
782 3421 848 3473 Deus
861 3429 907 3488 pro
919 3419 1054 3474 maioribus
1066 3419 1151 3490 nostris
1159 3422 1234 3489 gefflt,
1250 3421 1332 3492 itaque
1342 3421 1374 3474 Ei
1377 3421 1477 3490 semper
1485 3419 1595 3487 servire

565 3497 690 3565 volumus,
705 3511 732 3552 ut
744 3499 918 3570 consequanucr
930 3499 1014 3554 vitam
1023 3497 1158 3554 eternarnl
1171 3503 1253 3554 Am.

780 3681 835 3730 10.
866 3661 1035 3730 Chronicon
1060 3663 1386 3754 Visoniense(-s303).

859 3813 937 3886 [Man.
951 3819 1079 3882 German,
1090 3820 1140 3884 SS,
1153 3817 1264 3890 xtssv.]

1069 3939 1088 3984 *

607 4057 670 4120 Hic
686 4059 715 4121 in
731 4059 837 4141 primis
852 4057 970 4122 abiibus
992 4059 1048 4124 suis
1063 4060 1199 4142 quinque
1213 4059 1352 4123 siccarios
1365 4060 1528 4138 convertit,
1541 4059 1593 4142 qui
1608 4083 1631 4130 p.
1645 4071 1692 4130 308

566 4148 630 4211 vias
651 4146 835 4212 transeuntes
858 4147 1063 4230 depredabant
1086 4148 1280 4230 iugulabant3
1303 4169 1436 4231 quorum
1457 4149 1596 4232 magistet

566 4251 630 4300 erat
654 4236 860 4318 predictorum
887 4235 1012 4318 quidam
1038 4234 1198 4302 Druardus
1223 4237 1358 4314 nomine,
1386 4235 1457 4298 lxxx
1481 4237 1594 4300 habens

567 4338 650 4388 tante
664 4323 801 4407 nequitie
816 4322 1045 4407 subsequentes;
1067 4323 1114 4388 led
1131 4325 1167 4388 ad
1183 4324 1429 4388 exhortationem
1445 4325 1485 4406 pij
1502 4325 1596 4408 patris
