3726 5628
571 563 579 618 ι
590 527 651 648 78
707 527 952 657 Testimoniu
973 525 1015 618 in
1040 523 1261 619 Germania
1272 524 1454 649 scriptu.

559 791 663 857 laxent
676 814 684 855 ε
699 791 773 877 quid
789 808 891 855 autem
906 813 943 855 ex
962 792 1023 855 hoc
1038 791 1111 854 boni
1132 791 1332 877 consequatur
1351 814 1425 855 mox
1446 791 1589 875 Evange-

559 881 634 945 lium
648 881 746 965 aperit
760 902 833 943 cum
844 879 1005 965 subiungit.

597 972 638 1035 Er
654 995 716 1034 turn
737 970 783 1034 buc
794 971 929 1122 stripitu
941 971 1133 1073 concluserunt
1141 972 1260 1055 piscium
1274 971 1477 1074 multimdipem
1488 969 1589 1046 (Luc,
1665 987 1667 990 .

558 1080 588 1140 v,
613 1062 651 1138 bl.
673 1058 819 1123 Testatus
838 1081 855 1121 e
902 1058 992 1122 nobis
1013 1059 1095 1122 idem
1119 1059 1323 1125 Theobaldus
1342 1081 1373 1122 m
1394 1079 1444 1121 vta
1464 1057 1590 1120 descen·

557 1148 659 1214 dendo
672 1149 709 1211 ad
725 1168 792 1226 nos,
806 1147 883 1211 insta
893 1147 1032 1233 quinque
1046 1147 1110 1212 dies
1124 1148 1154 1211 sc
1164 1149 1303 1232 quinque
1316 1148 1412 1211 millia
1425 1148 1587 1210 hominum

557 1234 688 1320 signasse.

596 1326 796 1408 Rumpebatur
811 1339 902 1389 autem
915 1340 969 1389 cere
978 1326 1173 1390 eorumNam
1183 1343 1229 1391 tot
1242 1329 1427 1410 quandoque
1437 1325 1473 1388 ad
1484 1323 1587 1407 predi-

557 1415 711 1478 cationem
725 1416 823 1478 crucis
834 1412 1005 1494 confluunt,
1016 1432 1049 1478 ut
1063 1418 1258 1499 quorundam
1269 1413 1422 1479 malitia&
1433 1415 1590 1497 inquietu-

557 1504 628 1566 dine
643 1519 707 1567 rete
719 1503 935 1584 predicationis
949 1519 1117 1587 rumpatur.

598 1592 731 1658 Olivero
762 1591 938 1655 scholastico
972 1590 1160 1672 Coloniensi,
1191 1613 1273 1656 nunc
1301 1591 1446 1675 episcopo
1479 1588 1589 1653 Pader-

557 1680 707 1759 bornensr,
722 1681 898 1762 predicante
909 1703 1034 1744 crucem
1046 1682 1077 1744 in
1097 1679 1201 1760 Frista,
1215 1682 1246 1744 in
1262 1680 1321 1764 ipsa
1335 1679 1463 1744 statione
1477 1677 1588 1743 nobilis

556 1769 680 1852 quidam
712 1767 809 1848 Friso,
833 1769 864 1833 bt
891 1770 1048 1834 ditissimus
1070 1772 1221 1850 omnium,
1251 1768 1368 1834 occisus
1392 1768 1445 1847 est,
1464 1783 1590 1851 propter

556 1878 649 1941 quem
661 1857 820 1940 negotium
834 1858 936 1921 crucis
948 1873 1021 1920 tunc
1037 1859 1184 1943 temporis
1199 1857 1231 1920 in
1245 1857 1298 1920 illa
1315 1873 1394 1921 terra
1407 1857 1475 1922 satis
1491 1857 1589 1939 impe-
1603 1861 1645 1921 111,
1657 1879 1678 1924 e·
1691 1875 1722 1922 47

556 1945 654 2010 ditum
670 1944 720 2008 est.

597 2034 702 2098 Simile
716 2035 829 2099 accidit
843 2035 995 2119 Limpurg
1007 2035 1134 2099 diocesis
1148 2035 1348 2099 Treverensu
1362 2034 1490 2118 oppido,
1515 2053 1587 2097 cum

557 2123 649 2188 abbas
664 2125 765 2187 noster
779 2124 894 2186 ibidem
910 2124 1087 2207 predicaret.

597 2213 824 2277 Audivimus&
837 2235 875 2276 ex
891 2228 977 2295 parte
990 2213 1124 2278 vidimus
1138 2211 1328 2296 temporibus
1343 2212 1415 2290 istis,
1422 2207 1588 2296 aliquando
1601 2215 1635 2274 V»
1647 2232 1668 2278 n·
1681 2215 1712 2276 9⁸

557 2301 593 2363 ad
610 2301 850 2384 predicationem
865 2301 954 2364 unius
969 2301 1114 2381 hominis,
1135 2301 1232 2364 multa
1251 2300 1347 2363 millia
1367 2299 1589 2385 crucesignati,

578 2391 608 2451 ui
624 2390 812 2473 parentibus,
827 2389 982 2469 uxoribus,
994 2389 1106 2470 liberis,
1121 2390 1259 2474 &patria
1275 2388 1397 2468 relidlis,
1409 2409 1489 2452 mare
1505 2405 1588 2452 tran-

556 2411 678 2558 serunt,
689 2478 730 2541 ibi
747 2499 802 2561 pro
815 2479 937 2543 Christo
952 2476 1089 2544 infideles
1100 2477 1442 2564 impugnantessuaque
1458 2497 1590 2561 corpora

556 2566 660 2630 multis
674 2567 825 2631 mortibus
839 2581 931 2652 atque
946 2566 1090 2650 periculis
1105 2581 1295 2650 exponentes
1330 2612 1587 2631 ......

595 2741 665 2805 Hec
677 2743 850 2825 redemptio
864 2743 957 2806 hodie
973 2744 1002 2805 in
1018 2743 1123 2808 multis
1133 2742 1314 2821 celebratur,
1329 2763 1384 2825 per
1405 2744 1506 2809 crucis
1520 2765 1588 2828 pre-

556 2828 742 2893 dicationem
758 2853 850 2914 quam
865 2831 991 2914 quidem
1007 2833 1036 2894 in
1053 2834 1298 2915 redemptionem
1321 2831 1462 2894 omnium
1477 2854 1588 2915 pecca-

556 2934 657 2981 torum
677 2917 799 2980 suorum
816 2918 997 3002 suscipiunt:
1018 2919 1067 2984 sed
1090 2921 1118 2984 se
1140 2921 1324 2984 redimentes
1346 2921 1493 3004 pecuniis,
1511 2920 1587 2987 alios

556 3027 611 3090 pro
626 3006 655 3069 se
665 3009 801 3071 mittunt.
819 3007 882 3092 Alij
900 3008 929 3072 in
943 3010 1066 3092 propria
1085 3007 1211 3092 persona
1230 3009 1469 3091 peregrinantes,
1488 3008 1588 3072 consr-

555 3096 671 3174 milem,
684 3097 747 3158 imo
763 3097 910 3159 maiorem
925 3098 1070 3181 consequi
1086 3096 1204 3178 sperant
1219 3095 1457 3160 misericordiam
1478 3120 1496 3160 a
1518 3099 1588 3162 Do·

556 3184 640 3247 mino
656 3180 721 3246 Iesu
736 3184 868 3249 Christo.
891 3183 957 3272 Qui
977 3208 1048 3249 cum
1064 3183 1161 3264 Patre,
1175 3183 1205 3248 δι
1223 3185 1337 3268 Spiritu
1352 3185 1454 3250 sansto
1468 3187 1544 3250 vivit
1557 3187 1588 3250 ὅτ

554 3271 760 3357 regnatDeus
773 3294 826 3356 per
841 3274 945 3336 omnia
960 3273 1057 3336 secula
1068 3272 1248 3353 seculorum,
1263 3295 1361 3337 amen.

596 3361 692 3424 Multi
705 3364 753 3425 his
767 3362 968 3444 temporibus,
982 3377 1016 3426 ut
1026 3362 1115 3440 scitis,
1127 3377 1188 3425 tam
1197 3363 1420 3425 monachorum
1427 3383 1520 3446 quam
1532 3365 1586 3428 ab·
1600 3379 1634 3438 v,
1644 3396 1667 3442 p.
1681 3391 1725 3439 ¹79

556 3449 671 3527 batum,
692 3449 730 3512 de
755 3447 813 3512 suis
832 3447 952 3512 cellulis
973 3470 1008 3512 ac
1028 3449 1218 3512 monasteriis
1232 3464 1341 3512 contra
1354 3447 1587 3532 propositum&

555 3537 757 3615 voluntatem,
772 3537 809 3600 ad
825 3538 1067 3620 predicationem
1081 3538 1182 3600 crucis
1198 3536 1287 3600 eiecti
1304 3539 1371 3600 sunt
1384 3559 1422 3600 ex
1441 3553 1587 3622 precepto

556 3625 663 3688 summi
670 3623 832 3709 pontificis.
839 3624 958 3709 thuia
966 3627 1095 3690 eandem
1101 3625 1285 3690 electionem
1293 3624 1587 3689 consideraburtelle
1600 3639 1633 3696 V,
1646 3655 1667 3700 p.
1680 3639 1724 3686 rao

555 3713 750 3794 fructuosam,
765 3714 834 3778 eiici
844 3713 895 3777 vel
908 3715 988 3778 mitti
1003 3715 1040 3777 ad
1055 3711 1179 3778 messem
1190 3713 1378 3778 dominicam
1398 3735 1462 3776 non
1476 3736 1587 3780 renue-

555 3818 625 3866 runt
639 3847 1585 3867 ....................

595 3889 731 3954 Econtra
745 3890 880 3975 quisquis
895 3911 1002 3956 avarus
1016 3911 1048 3956 es
1063 3891 1157 3954 dicis:
1174 3889 1256 3954 Pene
1271 3893 1301 3953 in
1320 3891 1464 3956 omnibus
1485 3891 1586 3954 eccle·

554 3979 601 4042 fiis
624 3978 736 4063 quibus
757 3980 910 4062 apostolus
932 3981 1110 4062 predicavit,
1126 3978 1271 4043 colledlas
1292 3978 1373 4042 iecit.
1394 3979 1478 4043 Audi
1502 3979 1584 4063 quis·

554 4069 622 4152 quis
636 4069 696 4130 hoc
718 4067 816 4130 dicis:
843 4067 919 4133 Non
935 4069 967 4130 in
988 4065 1139 4131 sacculum
1162 4069 1332 4152 proprium,
1355 4066 1402 4131 sed
1425 4068 1456 4130 in
1471 4067 1583 4132 Christi

553 4154 820 4240 gazophylacium,
842 4157 873 4219 id
903 4155 955 4235 est,
974 4177 1143 4238 pauperum
1172 4157 1225 4239 qui
1248 4171 1335 4220 erant
1354 4158 1385 4217 in
1410 4151 1585 4234 Ierusalem,

553 4246 673 4310 easdem
687 4243 833 4308 collectas
848 4245 933 4309 misit.
950 4244 1043 4308 Unde
1056 4245 1104 4308 his
1122 4245 1310 4328 temporibus
1332 4241 1394 4306 sine
1413 4259 1488 4307 nota
1511 4263 1584 4307 ava·-
