3656 5648
561 547 644 633 104
725 511 970 648 ‘Testimonio
990 511 1032 606 in
1063 505 1203 605 Gallia
1213 503 1394 634 scripto.

482 791 540 840 ¹²¹9
553 780 596 852 qui
617 798 661 851 per
682 797 786 850 regnum
809 778 953 850 Babylonio
970 777 1126 833 &Damasci
1148 775 1197 830 riui
1219 776 1318 846 reperiri
1339 773 1446 845 pofl'ent,
1467 774 1579 844 sumptu

554 861 630 916 mium
652 861 685 914 ad
699 861 851 930 reparandos
871 877 955 912 muros
970 859 1123 912 Hierusalem
1138 859 1261 923 redderet,
1275 857 1374 926 insuper
1388 871 1494 926 regnum
1517 855 1580 909 Hie-

554 939 769 1014 rosolymitanum,
779 939 890 994 totaliter
902 939 1047 1005 restitueret,
1059 951 1140 1009 preter
1152 938 1279 993 Crdchum
1293 939 1317 990 dr
1336 948 1448 990 montem
1460 936 1582 1006 regalem,

555 1038 600 1091 pro
622 1019 712 1092 quibus
736 1019 869 1072 retinendis
891 1019 1011 1072 tributum
1030 1018 1130 1084 obtulit,
1142 1017 1263 1085 quamdiu
1277 1029 1367 1086 treuga
1387 1017 1497 1070 duraret.
1520 1015 1582 1068 Sunt

555 1111 640 1154 autem
654 1100 701 1152 hec
713 1100 765 1151 duo
779 1099 805 1151 in
819 1097 919 1151 Arabia
938 1097 990 1162 srta,
1011 1097 1103 1167 septem
1122 1097 1274 1150 munitiones
1291 1097 1430 1150 forstnmas
1443 1099 1467 1150 dr
1479 1095 1583 1148 sirmiffi·
1616 1139 1623 1151 .

556 1198 609 1232 mss
628 1179 756 1246 habentia,
775 1196 818 1248 per
836 1195 886 1248 que
906 1179 1082 1248 negociatores
1095 1180 1287 1231 Sarracenorum
1301 1177 1460 1247 &peregrini
1474 1177 1582 1246 ipsorum

557 1260 680 1312 Mecham
703 1258 835 1311 tendentes
849 1255 888 1309 vel
909 1258 942 1308 ab
964 1273 994 1308 ea
1015 1269 1166 1309 revertentes
1188 1255 1289 1309 transire
1302 1257 1389 1310 solent.
1414 1256 1511 1326 Ecqui
1533 1257 1584 1308 lroc

555 1351 670 1410 potenter
683 1336 799 1404 tenuerit,
813 1335 975 1400 Hierusalem,
989 1353 1047 1388 cunr
1063 1337 1180 1402 voluerit,
1193 1335 1303 1406 graviter
1322 1337 1395 1390 nimis
1407 1354 1466 1389 cum
1479 1335 1583 1406 agris&

556 1418 635 1472 vineis
656 1418 738 1470 ledere
759 1416 859 1486 poterit.
881 1419 955 1468 Hanc
969 1415 1175 1486 compositionem
1192 1416 1374 1485 acceptandam
1390 1415 1484 1481 esse&
1498 1415 1599 1468 utilem.

556 1496 728 1550 christianitati
748 1514 791 1549 rex
809 1497 834 1548 br
860 1493 1022 1565 Francigene,
1050 1513 1135 1550 comes
1159 1495 1253 1550 Cestrie
1274 1513 1332 1550 cum
1356 1495 1492 1566 capitaneis
1513 1495 1585 1548 Teu·

557 1579 698 1631 tonicorum
712 1575 869 1646 pertinaciter
890 1575 1046 1628 censuerunt.
1061 1575 1138 1627 Tunc
1156 1588 1240 1628 autem
1262 1575 1361 1645 legatus
1374 1576 1514 1646 patriarche
1526 1591 1585 1628 cum

556 1655 755 1734 archiepiscopis,
777 1653 906 1725 episcopis,
924 1653 1069 1725 templariis,
1088 1656 1112 1706 br
1133 1653 1305 1723 hospitalariis,
1324 1673 1354 1708 ac
1376 1654 1493 1708 omnibus
1517 1653 1586 1706 italie

557 1737 702 1808 capitaneis,
723 1734 854 1805 multisque
870 1733 922 1786 aliis
940 1734 1103 1804 prudentibus
1117 1733 1173 1787 viris
1186 1734 1319 1788 efficaciter
1336 1733 1452 1788 tradlatui
1470 1734 1494 1786 se
1505 1749 1585 1803 oppo-

558 1815 612 1884 suit,
625 1813 804 1868 rationabiliter
816 1812 1022 1878 oslendens,ante
1034 1813 1119 1865 omnia
1133 1813 1280 1866 Damiatem
1295 1813 1514 1907 seydapiendatn.
1592 1815 1684 1892 svrts‘
1692 1790 1708 1813 ⁸

658 1992 704 2057 88.
727 1993 775 2055 De
789 1993 910 2075 captione
925 1992 1063 2055 Damiate
1077 1994 1181 2080 absque
1185 1995 1337 2083 sanguinis
1351 1993 1487 2081 efflſsone.

595 2172 693 2224 Interea
714 2168 830 2220 soldanus
860 2185 981 2238 magnam
1011 2168 1195 2224 multitudinem
1222 2171 1334 2240 peditum
1363 2171 1478 2224 clanculo
1497 2171 1522 2222 dc
1544 2187 1589 2240 per

560 2252 615 2305 loca
633 2249 748 2322 plaustria
769 2248 832 2301 milit
846 2247 878 2300 ad
895 2249 1034 2314 civitatem,
1055 2267 1163 2319 quorum
1183 2270 1235 2315 240
1252 2249 1387 2304 christianis
1407 2249 1588 2303 dormientibus

460 2323 520 2368 ΝΜ·
534 2334 545 2382 3
559 2331 638 2403 lyciae
649 2329 749 2382 fuerunt
767 2326 865 2397 ingressi
884 2327 1010 2380 dominica
1027 2330 1100 2382 noste
1121 2330 1174 2399 post
1194 2330 1284 2384 felium
1307 2331 1418 2384 omnium
1437 2331 1586 2384 sandiorunr.

561 2411 681 2466 Tandem
696 2425 739 2478 per
751 2406 886 2460 clamorem
901 2406 1004 2477 vigilum
1019 2405 1091 2460 occisi
1106 2409 1161 2460 sunt
1174 2409 1199 2461 dr
1215 2409 1291 2480 cepti,
1304 2427 1368 2480 quos
1380 2409 1412 2462 ad
1427 2409 1588 2463 ducentos&

461 2489 522 2534 ΝΜ·
535 2499 546 2548 5
561 2493 643 2564 plures
663 2485 874 2558 computavimus,
889 2486 960 2539 nonis
971 2487 1123 2540 Novembris
1133 2501 1207 2558 capta
1217 2489 1251 2542 esi
1260 2489 1380 2543 Damiata
1392 2488 1442 2541 line
1450 2488 1589 2554 deditione,

463 2619 466 2624 .
562 2572 611 2625 stne
623 2568 773 2632 desenfione,
791 2565 840 2618 sme
853 2563 962 2618 violenta
974 2566 1162 2636 depredatione,
1177 2585 1234 2620 curn
1247 2568 1365 2635 tumultu,
1378 2581 1405 2620 ut
1418 2568 1460 2620 soli
1473 2569 1531 2620 Deo
1542 2567 1588 2619 ad·

563 2651 683 2705 scribatur
694 2647 804 2700 riiloria.
828 2647 862 2698 Et
882 2663 940 2698 cum
964 2659 1093 2717 caperetur
1112 2647 1200 2700 civitas
1224 2648 1248 2701 in
1271 2647 1351 2701 oculis
1370 2648 1436 2720 regie
1451 2648 1591 2720 Babylonis

563 2747 633 2782 more
645 2727 724 2792 solito,
736 2743 786 2779 non
799 2725 847 2778 suit
858 2726 930 2779 ausus
944 2725 1033 2779 Christi
1046 2726 1135 2780 milites
1147 2728 1180 2780 ad
1192 2727 1359 2781 defensonem
1373 2739 1473 2798 paratos
1485 2744 1530 2796 per
1541 2725 1591 2779 fos·

563 2809 762 2863 saturnnotirum
772 2806 886 2876 aggredi.

598 2889 697 2942 Eodem
714 2885 789 2940 etiam
807 2899 922 2955 tempore
940 2885 1030 2938 fluvius
1049 2887 1157 2940 excrevit
1175 2887 1315 2940 uberrimus
1329 2887 1401 2958 aquis
1414 2886 1530 2940 fossatum
1544 2883 1591 2938 im·
1631 2907 1641 2915 ·

566 2968 641 3038 plens.
654 2967 709 3037 Ipse
720 2979 805 3019 autem
819 2965 937 3019 soldanus
950 2965 1065 3020 confusus
1082 2967 1161 3020 castre
1173 2967 1215 3020 sua
1228 2967 1361 3020 combussrt
1372 2969 1396 3020 dr
1408 2965 1480 3037 lirgit.
1503 2969 1592 3036 ltaque
1606 2963 1662 3028 Hist·
1671 2965 1753 3022 m,
1761 2963 1800 3018 ΙΙΙ,
1822 3005 1823 3026 ,

567 3047 657 3104 Christi
678 3046 769 3099 milites
783 3046 928 3099 Damiatam
952 3046 1048 3116 ingreffi
1070 3045 1163 3116 plateas
1186 3047 1238 3099 eius
1250 3047 1396 3100 invenerunt
1418 3048 1504 3100 llratas
1517 3045 1593 3098 cada·
1684 3041 1751 3086 ¹¹4¹·

566 3129 665 3182 veribus
679 3138 835 3179 mortuorum
850 3124 986 3194 pestilentis
998 3127 1023 3178 br
1036 3126 1102 3178 same
1116 3125 1293 3180 deficientium.
1310 3127 1446 3180 Aurum&
1459 3137 1594 3196 argentum

567 3209 676 3262 multum
690 3205 772 3270 nimis,
793 3222 889 3275 pannos
911 3205 999 3259 serioos
1018 3207 1204 3276 negotiatorum
1225 3207 1250 3259 in
1264 3205 1427 3272 abundantia,
1447 3205 1526 3258 vestes
1538 3223 1594 3275 pre-

568 3287 652 3352 tiosat,
664 3287 688 3339 &
700 3297 875 3338 ornamentum
888 3302 947 3338 cum
959 3285 1026 3338 varia
1039 3284 1200 3356 suppelleiiili
1213 3285 1238 3338 in
1253 3285 1485 3356 superabundantia.
1498 3283 1595 3339 Civitas

567 3366 615 3419 hec
636 3376 719 3435 preter
739 3364 878 3418 naturalem
899 3364 969 3417 srtum
1000 3364 1056 3430 loci,
1078 3383 1130 3434 quo
1152 3365 1319 3432 muniebatur,
1338 3365 1427 3438 triplici
1445 3377 1498 3418 erat
1514 3363 1595 3418 cindia

570 3463 650 3498 muro.
673 3444 800 3497 Turribus
813 3443 928 3497 latericiis
948 3443 1032 3497 multis
1052 3446 1077 3497 δι
1095 3444 1193 3515 magnis
1213 3443 1340 3498 sortislrme
1351 3445 1459 3511 firmata,
1481 3444 1557 3498 claris
1570 3444 1595 3496 dr

571 3524 724 3578 antemurale
744 3525 822 3576 totius
840 3523 937 3596 Egypti
956 3523 1019 3577 inter
1038 3523 1157 3578 Ramesse
1175 3525 1200 3576 br
1220 3543 1337 3595 campum
1363 3524 1485 3578 Thaneos
1505 3524 1549 3577 tita
1570 3522 1596 3574 in

570 3617 646 3671 terra,
661 3616 688 3657 ut
711 3603 833 3658 coniicere
856 3602 991 3673 possumus.
1015 3603 1120 3670 Gersen,
1139 3603 1198 3674 quia
1221 3605 1338 3675 pascuosa
1360 3617 1414 3657 erat
1433 3602 1553 3656 Damiata
1570 3603 1597 3655 in

570 3684 651 3754 regnis
671 3683 767 3736 samosa
782 3684 888 3736 multum
906 3685 931 3736 in
946 3684 1058 3754 superbia
1072 3682 1220 3754 Babylonis,
1232 3683 1257 3737 in
1271 3685 1334 3736 mari
1350 3683 1510 3750 dominatrix,
1523 3681 1598 3735 chris·

572 3761 697 3814 tianorum
713 3763 847 3832 spoliatrix,
859 3763 883 3814 in
897 3761 997 3815 ascensu
1008 3762 1192 3832 persecutorum
1205 3775 1306 3814 tuorum
1321 3779 1364 3832 per
1377 3779 1470 3834 paucas
1482 3762 1506 3814 dr
1516 3759 1598 3814 modi·

573 3857 616 3893 cae
630 3840 706 3896 scalas
720 3842 906 3913 comprehensa,
918 3855 979 3895 tunc
991 3841 1088 3911 potenti
1101 3859 1177 3895 manu
1189 3841 1238 3895 Dei
1251 3841 1381 3895 humiliata
1395 3859 1429 3895 es.

804 4061 806 4065 ·
872 4031 920 4114 89.
946 4031 993 4096 De
1003 4032 1110 4096 ciuium
1125 4033 1180 4096 eius
1184 4035 1295 4117 strage.

611 4210 702 4279 ltaque
719 4222 801 4279 preter
812 4209 877 4276 illos,
897 4211 941 4282 qui
954 4210 1002 4264 rivi
1014 4210 1183 4280 comprehensi
1196 4211 1261 4276 sunt,
1275 4208 1366 4263 mortui
1380 4207 1514 4280 promiscui
1528 4207 1598 4261 suus

575 4307 590 4342 a
612 4301 725 4362 tempore
745 4289 880 4344 obfidionis
900 4290 924 4342 in
946 4289 1049 4345 circuitu
1068 4301 1247 4360 computantur
1267 4290 1300 4343 sd
1316 4308 1339 4356 3.
1356 4289 1424 4342 milia
1440 4291 1466 4343 dr
1485 4287 1599 4360 amplius,
