3716 5628
556 529 641 622 232
696 499 801 628 lest.
830 499 872 591 in
894 499 1116 630 Hungorio
1140 493 1178 588 dt
1200 493 1414 588 Dalmatia
1425 493 1515 618 scr.

481 772 540 819 12¹8
554 786 635 850 rege,
649 768 790 831 detentus
805 766 857 846 etl,
877 789 935 830 nec
945 759 1019 830 'ante
1033 767 1116 830 abire
1131 762 1297 849 penniffus,
1311 787 1403 850 quam
1416 766 1539 848 plenam
1553 764 1580 826 ei
1594 785 1617 832 t·
1629 781 1675 831 575

555 855 746 919 securitatem
756 857 880 936 faceret,
893 857 945 940 qui
961 857 988 919 ei
1004 854 1086 918 suam
1099 854 1193 917 filiam
1205 855 1400 918 matrimonio
1414 852 1582 937 copularet.

554 945 603 1008 Sic
618 959 720 1009 autem
735 945 874 1008 Andreas
894 966 947 1008 rex
969 945 1217 1028 peregrinationis
1237 942 1286 1006 sue
1305 942 1462 1027 completo
1477 943 1583 1004 itinere

557 1035 593 1095 ad
609 1034 659 1096 sua
673 1055 767 1118 regna
782 1033 914 1097 reversus
929 1032 979 1097 est.
999 1033 1069 1098 Nos
1083 1054 1155 1096 vero
1169 1033 1216 1097 his
1231 1032 1362 1096 breviter
1377 1030 1532 1116 prelibatis
1546 1030 1582 1092 ad

556 1123 715 1186 materiam
732 1122 899 1186 redeamus.

628 1375 701 1452 160.
730 1382 898 1450 Clrrouicm
915 1383 1128 1473 Hungarorum
1148 1380 1330 1471 Posom'ense
1355 1389 1538 1454 (··t'.1280).

681 1567 742 1638 [Ed.
758 1571 801 1623 Fr.
817 1570 920 1642 Toldy‚
933 1569 1023 1636 Budae,
1037 1574 1114 1638 1852,
1128 1568 1194 1635 in·4‚
1205 1568 1222 1620 l.
1239 1569 1273 1635 11,
1287 1585 1310 1621 c.
1324 1587 1349 1634 2,
1362 1581 1393 1620 πο
1408 1565 1460 1637 3⁶.]

1064 1707 1084 1750 stt

601 1841 670 1907 Post
684 1843 745 1905 hoc
766 1862 819 1904 rex
834 1839 937 1904 Endre
951 1839 1084 1903 Terram
1100 1840 1240 1904 Smetam
1255 1840 1383 1904 visrtavit
1402 1839 1438 1901 ad
1462 1839 1587 1900 manda·
1600 1863 1621 1908 p.
1636 1851 1665 1909 3⁶

559 1948 624 1994 tum
641 1929 771 1993 Domini
788 1951 876 2013 pape,
897 1929 1028 2014 implens
1042 1945 1150 1992 votum
1169 1929 1328 2012 patrissui.
1355 1926 1470 1992 Mansit
1484 1943 1586 1991 autem

558 2020 672 2083 ibidem
687 2019 783 2083 tribus
798 2018 958 2084 mensibus.

940 2233 1016 2308 161.
1044 2235 1213 2321 MARCUS,

696 2415 867 2484 Chronicon
887 2416 925 2482 dc
940 2417 1032 2506 gestis
1047 2415 1265 2507 Hungarorum
1293 2425 1337 2489 (-
1356 2425 1440 2488 1310).

818 2597 879 2664 [Ed.
892 2598 934 2650 Fr.
947 2595 1159 2670 Totdy,1²ettint‚
1173 2601 1249 2664 1867,
1262 2597 1335 2662 in·4.]

1062 2737 1082 2780 ψ

839 2892 974 2954 Andreas
988 2890 1072 2953 uadit
1085 2889 1306 2980 Iberrffolyntam.

488 3083 547 3131 1217
603 3053 673 3119 Post
695 3055 753 3117 hec
778 3075 831 3118 rex
846 3055 987 3120 Andreas
1000 3055 1131 3119 Terram
1146 3055 1288 3120 Satrdtam
1302 3054 1431 3120 visrtavit
1454 3056 1491 3120 ad
1507 3077 1592 3119 man·
1603 3087 1626 3133 p.
1637 3071 1668 3130 78

564 3144 670 3208 datum
686 3143 816 3206 Domini
838 3165 927 3227 pape,
947 3144 1031 3227 quod
1051 3145 1228 3208 mandatum
1247 3161 1414 3229 acceperat,
1433 3148 1507 3209 dum
1521 3143 1593 3208 ell'et

564 3234 663 3298 adhuc
678 3233 751 3312 dux,
764 3230 840 3296 licut
854 3231 983 3296 habetur
997 3232 1035 3296 de
1049 3249 1123 3297 voto
1138 3233 1168 3297 δι
1183 3235 1247 3298 voti
1264 3235 1474 3318 redemptione
1488 3253 1591 3299 extra:

563 3321 643 3385 Licet
660 3320 809 3408 universis.
837 3317 923 3406 Quia
938 3319 999 3404 ipse
1013 3319 1171 3404 conplevit
1185 3321 1354 3386 &redemit
1367 3339 1475 3386 votum
1490 3325 1592 3405 patris.

563 3407 606 3474 Et
616 3409 657 3472 ibi
674 3411 704 3472 in
717 3408 818 3472 Terra
829 3407 937 3472 Sancta
952 3408 1039 3491 super
1060 3410 1227 3472 exercitum
1243 3410 1473 3474 christianorum
1485 3428 1593 3475 contra

563 3497 720 3563 soldanum
746 3497 915 3581 Babylonio
940 3497 1115 3580 capitaneus
1140 3497 1171 3561 δι
1196 3500 1258 3562 dux
1283 3498 1438 3582 preficitur
1465 3499 1495 3563 δι
1520 3521 1592 3563 mox

562 3588 662 3651 vidior
692 3586 820 3650 eflicitur
847 3585 1001 3670 gloriosus.
1038 3585 1153 3650 Maniit
1179 3603 1281 3650 autem
1310 3587 1405 3652 tribus
1433 3584 1592 3652 menfibus.

563 3675 672 3760 Regali
686 3676 818 3758 denique
834 3675 981 3738 thezauro
992 3671 1140 3757 exposito,
1154 3675 1341 3739 diversorum
1355 3675 1525 3739 sanctorum
1541 3696 1594 3760 per

565 3763 662 3848 ipsum
685 3761 813 3847 reliquie
837 3779 1055 3844 conparantur:
1085 3778 1178 3844 caput
1201 3762 1345 3826 videlicet
1369 3763 1459 3827 saneti
1485 3762 1594 3828 Proto·

564 3852 703 3937 martyris
724 3850 867 3934 Stephani
883 3851 912 3914 dt
930 3865 1023 3934 caput
1038 3851 1123 3914 beate
1138 3849 1315 3935 Margarete
1329 3853 1454 3936 virginis
1469 3853 1499 3917 δι
1513 3874 1594 3916 mar-

564 3943 639 4027 tyris
668 3935 774 4003 dex'tra
799 3940 879 4002 beati
903 3939 1031 4002 Thome
1061 3938 1187 4022 apostoli
1208 3938 1239 4002 δι
1259 3939 1350 4003 sancii
1372 3940 1594 4021 Bartholomei,

564 4031 640 4094 item
650 4030 689 4092 de
699 4029 783 4112 virga
790 4029 894 4092 Aaron
904 4027 1002 4091 &una
1014 4030 1052 4091 de
1060 4027 1108 4091 sex
1120 4027 1202 4091 idriis
1214 4027 1284 4108 illis,
1295 4029 1325 4092 in
1335 4030 1446 4112 quibus
1454 4029 1594 4095 Christus

565 4119 695 4181 mutavit
707 4137 818 4199 aquam
833 4117 864 4180 in
877 4117 980 4179 vinum
992 4115 1022 4180 δι
1036 4115 1094 4178 alie
1105 4116 1211 4196 multe,
1225 4137 1300 4200 quas
1316 4119 1416 4200 potuit
1433 4133 1506 4181 tunc
1521 4139 1593 4182 con·

565 4226 698 4290 gregare.
720 4203 926 4288 Reversusque
951 4207 981 4269 in
996 4203 1187 4288 Hungariam
1201 4227 1272 4267 cum
1287 4204 1424 4286 pretiosis
1440 4208 1594 4270 thezauris

566 4293 749 4372 sannorum,
773 4313 902 4376 regnum
920 4309 1024 4356 autem
1049 4293 1199 4356 reinvenit
1219 4295 1249 4356 in
1266 4292 1407 4377 prospero
1421 4293 1508 4376 statu,
1530 4315 1593 4358 nou
