3716 5628
466 553 567 614 210.
603 517 836 646 franciscus
865 519 1082 648 Turzunus.
1200 521 1289 642 287

263 785 290 848 F
290 788 430 851 edericus
445 785 602 852 Asinarius
617 788 655 851 de
673 787 800 867 Loreto,
816 785 945 852 Manuel
968 787 1158 866 Alseriue&
1179 785 1290 852 Paulus

263 874 394 939 Emilius
418 878 455 938 de
490 877 629 940 Turchis
651 879 689 939 de
713 877 859 940 Vinchio.
885 876 1026 940 Peditum
1050 878 1143 941 duces
1167 876 1291 940 fuerunt

262 959 392 1027 Iacobus
407 964 445 1026 de
459 962 592 1045 Amisia,
605 965 783 1028 Ludovicus
798 964 835 1028 de
849 964 987 1045 Isnardis,
998 965 1179 1028 Leonardus
1190 964 1290 1046 Bulla,

262 1053 401 1115 Andreas
414 1051 524 1131 Ritius,
540 1053 707 1118 Odoninus
722 1053 876 1118 Rotarius.
892 1053 978 1117 Pueri
995 1056 1087 1117 etiam
1103 1054 1197 1117 duces
1222 1053 1289 1117 suos

262 1141 443 1219 habuerunt,
458 1145 509 1224 qui
526 1141 646 1204 suerunt
660 1141 809 1205 Hercules
835 1141 937 1222 Costa,
959 1141 989 1205 &
1010 1141 1140 1206 Iacobus
1162 1143 1198 1204 de
1222 1141 1290 1205 Pal-

263 1227 446 1311 saveno‚qui
472 1225 603 1293 Iacobus
628 1229 730 1312 postea
755 1229 850 1294 faetus
878 1231 997 1296 adultus
1026 1233 1083 1294 suit
1097 1254 1151 1316 per
1173 1231 1291 1314 aliquot

262 1339 358 1381 annos
373 1318 523 1400 prefectus
539 1320 625 1382 tertie
644 1320 735 1401 partis
750 1321 900 1384 exercitus
915 1321 946 1382 in
965 1319 1057 1404 Syria
1073 1321 1194 1384 Milites
1214 1341 1288 1382 vero

262 1427 379 1485 omnes,
393 1407 445 1490 qui
460 1409 497 1468 ad
516 1408 577 1470 hoc
601 1405 715 1469 bellum
740 1409 861 1469 iverunt
882 1424 944 1471 tam
964 1429 1068 1490 eques,
1081 1430 1174 1491 quam
1196 1408 1289 1490 pedes

262 1494 346 1556 suere
361 1515 467 1556 omnes
482 1494 600 1557 nobiles
623 1492 672 1557 vel
697 1495 735 1556 de
755 1494 908 1577 Hospitio,
927 1496 977 1559 vel
996 1496 1034 1559 de
1056 1496 1184 1580 Populo.
1200 1495 1288 1561 Solus

262 1581 397 1645 Lazarus
412 1581 535 1645 Barleta
548 1605 585 1645 ex
600 1582 726 1666 plebeiis
751 1583 806 1645 ivit
820 1605 891 1645 curn
913 1584 960 1646 sex
981 1583 1051 1648 filiis
1072 1586 1130 1649 suis
1149 1587 1289 1667 impube·

262 1671 354 1733 ribus.
369 1669 440 1733 Hoc
455 1691 517 1732 non
533 1671 574 1732 est
593 1670 808 1750 omittendum,
821 1673 904 1755 quod
928 1673 1115 1738 Benentibus
1130 1675 1167 1736 de
1182 1673 1288 1737 Corti-

179 1763 183 1771 '
261 1761 346 1823 zanis
374 1758 423 1821 sue
447 1757 560 1821 familie
585 1759 735 1822 maculam
761 1759 874 1836 inusfit;
897 1784 968 1824 nam
992 1783 1064 1824 cum
1088 1784 1105 1824 a
1133 1762 1289 1826 Saracenis

261 1863 368 1930 captus
382 1844 490 1926 suisset,
505 1847 616 1909 timore
630 1848 737 1910 mortis
748 1846 840 1910 fidem
861 1851 999 1932 negavit3
1022 1872 1115 1933 quare
1140 1871 1157 1912 a
1170 1850 1288 1913 civibus

261 1934 374 1998 familia
388 1933 479 2014 illius,
494 1955 553 2018 que
567 1950 655 1997 antea
670 1935 708 1997 de
723 1933 866 2016 Hospitio
880 1953 954 2016 erat,
969 1937 1088 2019 plebeia
1102 1938 1180 2002 saeta
1193 1937 1244 2016 est,
1257 1936 1289 1999 &

261 2021 334 2084 licet
344 2022 405 2103 ipse
419 2024 455 2085 ad
467 2020 561 2084 sidem
576 2021 709 2101 redierit,
727 2037 829 2084 tamen
844 2043 907 2086 non
922 2027 1024 2107 potuit
1045 2027 1177 2109 priorem
1198 2025 1288 2089 nobi-

260 2111 352 2174 litatis
366 2112 494 2195 gradum
508 2131 698 2192 recuperare.

315 2331 453 2394 Danova
468 2331 631 2414 expeditione
646 2355 665 2393 a
675 2331 834 2418 christianis
847 2335 988 2426 adversus
1001 2335 1223 2422 infidelessatia.

306 2512 400 2574 Anno
416 2511 546 2574 Domini
565 2529 640 2575 1222
660 2512 689 2574 81
710 2514 816 2576 mundi
835 2516 923 2598 6421,
942 2515 1015 2579 licet
1034 2532 1123 2579 antea
1136 2516 1287 2580 christiani
1301 2547 1361 2585 1222

261 2621 299 2662 ex
314 2599 503 2662 Hierusalem
519 2598 593 2682 pulsi
607 2599 737 2681 fuissent,
758 2619 890 2666 attamen
906 2604 1027 2683 multas,
1042 2605 1072 2667 &
1086 2604 1174 2667 valde
1188 2607 1387 2668 niani-‘⁶‘

262 2704 307 2754 tas
318 2690 456 2751 civitates
468 2688 566 2752 adhuc
581 2691 611 2752 in
625 2689 708 2772 Syria
722 2691 919 2773 possidebant,
930 2693 978 2755 sed
990 2714 1061 2756 cum
1077 2691 1184 2757 indies
1191 2694 1287 2777 magis

263 2778 365 2858 robur,
385 2777 415 2840 ἃ
436 2780 572 2860 potentia
586 2778 763 2842 Turcarum
785 2779 941 2859 cresceret,
962 2780 1193 2844 christianorum
1212 2803 1287 2845 vero

261 2886 278 2926 e
293 2867 446 2928 contrario
460 2867 663 2930 minueretur:
681 2867 742 2930 hoc
756 2889 836 2932 anno
852 2866 981 2930 Domini
1001 2885 1075 2932 1222
1090 2866 1220 2932 Ioannes
1235 2891 1288 2932 rex

262 2953 450 3018 Hierusalem
475 2954 609 3017 Romam
628 2957 713 3018 venit
736 2957 773 3018 a'b
799 2955 942 3020 Honorio
965 2955 1112 3020 auxilium
1134 2973 1250 3040 petens,
1271 2957 1298 3020 a'

261 3045 490 3127 quoobtinuit,
515 3059 549 3106 ut
562 3041 727 3108 federicus
746 3045 783 3107 ab
799 3047 1126 3131 excommunicationis
1142 3045 1288 3109 sententia

262 3123 646 3211 absoiffr'eftirsffiofls'in
665 3129 684 3196 S
705 3131 781 3197 riam
804 3130 943 3197 adversus
957 3133 1080 3197 Turcas
1100 3125 1289 3218 pugnaturus

262 3217 522 3300 proficisceretur?
534 3216 700 3284 Federrcus
719 3238 810 3304 igitur
823 3221 916 3284 ducta
940 3221 970 3283 in
991 3241 1119 3284 uxorem
1138 3219 1205 3285 Iole
1225 3223 1289 3286 filia

262 3307 340 3390 r'e‘g'Is
365 3307 555 3372 Hierusalem
587 3330 658 3372 cum
684 3309 829 3372 consensu
861 3309 1034 3391 principum
1059 3308 1230 3374 Germanic
1255 3312 1287 3372 in

261 3394 381 3460 ltaliam
391 3398 527 3476 veniens,
542 3397 712 3461 exercitum
727 3398 895 3460 maximum
908 3397 1109 3480 comparavit,
1123 3396 1287 3481 &apluri-

262 3484 318 3548 bus
333 3484 503 3550 Germanic
521 3486 709 3568 principibus
730 3485 858 3561 secutus,
883 3486 962 3547 inter
975 3505 1056 3567 quos
1071 3501 1136 3548 erat
1150 3485 1288 3572 Langra-

260 3573 328 3635 vius
346 3572 445 3636 sanste
470 3571 620 3637 Elisabete
635 3574 771 3653 maritus,
795 3569 998 3636 Brundusium
1020 3573 1172 3656 profectus
1192 3575 1288 3654 est,&

262 3661 332 3724 inde
347 3663 378 3723 in
390 3659 517 3746 Syriam.
533 3662 584 3724 Ad
596 3662 656 3724 hoc
671 3661 785 3724 bellum
798 3662 918 3725 iverunt
931 3661 971 3723 de
981 3659 1154 3725 Astenfibus
1168 3663 1289 3727 circiter

261 3749 441 3833 septingenti
462 3750 517 3812 viri
543 3771 580 3811 ex
601 3751 685 3812 onmi
706 3771 817 3834 genere
841 3750 955 3812 civium
980 3748 1032 3811 sub
1057 3750 1134 3812 duce
1154 3752 1287 3832 generali

263 3836 375 3901 Marco
396 3838 435 3902 de
449 3837 565 3902 Solario
580 3839 618 3899 de
633 3838 767 3921 Vignali.
786 3838 892 3901 Duces
908 3838 1040 3901 minores
1055 3838 1177 3900 fuenmt
1190 3838 1285 3903 Euse-

260 3928 328 3991 bius
349 3929 388 3989 de
408 3925 560 4006 Rastellis,
584 3925 687 3990 Marci
713 3926 799 3990 ducis
824 3923 971 4008 generalis
996 3945 1033 3986 ex
1057 3924 1157 3988 sorore
1180 3948 1287 4011 nepos,

262 4014 470 4097 Luitprandus
476 4013 514 4076 de
522 4012 667 4096 Regibus,
678 4010 829 4075 Emanuel
843 4012 939 4091 Serra,
952 4010 1100 4075 Thadeus
1114 4012 1153 4075 de
1164 4013 1286 4098 Burgo-

262 4103 348 4179 mari,
362 4101 501 4166 Andreas
520 4100 683 4175 Novellus,
706 4100 735 4164 δι
749 4099 928 4164 Mandellus
943 4100 981 4162 de
995 4099 1174 4181 Mandellis,
1188 4102 1286 4166 dimus

261 4190 419 4270 Taberna,
432 4211 504 4253 cum
515 4190 626 4274 quibus
640 4190 762 4252 fisenrnt
775 4210 813 4251 ex
824 4189 978 4251 nobilibus
992 4190 1030 4251 de
1045 4187 1187 4271 Hospitio
1198 4191 1286 4255 multi

263 4277 300 4342 de
321 4277 447 4356 Tomis,
470 4277 508 4341 de
531 4276 735 4360 Cameyrano‚
759 4275 797 4339 de
820 4275 1012 4359 Burgomari,
1032 4278 1071 4339 de
1092 4276 1227 4357 Cassino,
1247 4279 1285 4341 de
