3656 5648
492 587 565 668 40.
600 551 838 646 Mattiacis
862 553 994 647 Paris.
1207 583 1254 676 55

433 847 480 908 De
494 845 665 932 miraculosa
680 847 801 930 captione
814 847 904 909 turris
919 845 1065 909 Damiate.

136 1015 157 1059 p.
170 995 217 1046 228
268 991 398 1056 Tandem,
421 989 563 1043 necessitate
578 990 721 1042 industriam
741 991 872 1056 edocente,
894 991 1116 1044 Theutonicorum
1134 991 1336 1043 scritto-1218

230 1093 290 1128 num
305 1073 456 1141 sumptibus,
474 1071 563 1140 peritia
576 1073 599 1122 δι
613 1072 699 1124 labore
711 1073 776 1125 duce
790 1073 898 1126 maxime
910 1091 1021 1142 cogones
1034 1074 1225 1139 concathenate,
1237 1074 1262 1125 in

230 1157 321 1227 quibus
342 1154 383 1222 iiij.
402 1153 460 1204 mali
480 1151 619 1221 eriguntur,
639 1169 698 1206 cum
718 1154 765 1206 suis
780 1155 927 1206 rudentibus
942 1157 965 1207 bt
979 1156 1093 1207 antennis
1106 1155 1176 1207 tediis
1189 1153 1263 1208 coriis

232 1236 338 1300 bovinis,
351 1234 502 1286 adhibentur
513 1233 546 1282 ad
559 1232 646 1284 turrim
658 1246 832 1287 memoratam.
847 1234 936 1300 Tunc,
950 1233 1017 1287 salio
1030 1234 1120 1287 insultu
1133 1233 1264 1298 acerrimo,

230 1321 331 1372 iacebat
345 1315 484 1388 patriarcha
507 1331 565 1368 cum
584 1314 650 1367 clero
663 1327 721 1367 ante
734 1315 829 1383 lignum
848 1313 934 1368 Crucis
952 1316 976 1368 in
994 1316 1117 1380 oratione,
1140 1315 1263 1384 prelibato
1315 1337 1318 1345 ·

230 1399 332 1452 ieiunio.
356 1400 439 1450 Iasius
461 1398 493 1450 est
514 1397 537 1448 in
562 1398 704 1449 machinam
727 1397 791 1466 ignis
814 1399 921 1460 Grecus,
944 1396 984 1448 sed
1005 1397 1130 1448 orantium
1150 1390 1260 1448 fidelium

230 1479 333 1532 lacrime
356 1478 499 1530 incendium
522 1478 689 1529 extinxerunt.
718 1479 846 1530 Nostrates
869 1489 954 1528 autent
982 1475 1014 1527 ufi
1039 1475 1144 1545 flagellis
1169 1475 1263 1542 ferreis,

230 1557 313 1628 capita
325 1562 516 1612 sarracenorum
527 1557 704 1610 contriverunt.
719 1558 839 1610 Tandem
853 1555 993 1609 Sarracenis
1007 1556 1030 1609 in
1044 1555 1185 1608 defensione
1199 1555 1261 1608 defi·

133 1648 157 1693 Ρ·
169 1644 216 1692 ²29
230 1636 351 1691 cientibus
365 1639 482 1708 colloquij
496 1639 528 1691 de
542 1657 605 1708 pace
620 1640 739 1707 petebant
754 1637 877 1701 solatium,
897 1654 927 1689 ac
941 1635 989 1689 sese
1002 1637 1046 1688 sub
1060 1637 1176 1705 pafiiione
1189 1635 1261 1689 ducis

231 1717 332 1771 Austris
351 1719 519 1771 reddiderunt.
545 1721 700 1788 Expugnare
722 1717 755 1769 est
778 1729 861 1769 autem
885 1715 958 1768 turris
979 1715 1019 1767 illa
1037 1717 1104 1769 sexta
1123 1716 1184 1768 feria
1204 1727 1262 1768 ante

230 1795 319 1849 felium
335 1799 409 1852 santii
421 1799 594 1852 Bartholomei
605 1801 627 1851 dt
640 1799 703 1851 infra
716 1815 810 1868 paucos
819 1797 872 1848 dies
885 1797 938 1866 posi
951 1795 1019 1848 idem
1034 1796 1122 1849 sellum
1132 1795 1166 1848 eli
1176 1807 1261 1866 capta,
1275 1795 1335 1852 Aut·
1346 1807 1377 1852 ²4

232 1877 254 1927 dt
270 1877 412 1932 Christianis
426 1879 577 1949 mancipata.

256 2026 260 2038 '
296 2027 345 2090 De
358 2042 443 2090 marte
457 2027 620 2111 Sapbadini,
633 2031 667 2091 is
682 2025 857 2112 destructione
870 2047 1017 2088 marorum
1032 2024 1197 2115 Ierusalem.

267 2169 324 2221 Posi
336 2183 437 2238 captam
450 2169 534 2239 itaque
548 2171 635 2222 turrim
645 2170 723 2231 illam,
735 2168 901 2236 Saphadinus‚
913 2167 1011 2220 dierum
1026 2168 1149 2221 malorum
1162 2170 1260 2238 plenus,

229 2248 427 2318 fratruelumque
448 2250 546 2302 suorum
567 2250 731 2302 exheredator
749 2266 779 2300 ac
789 2247 862 2317 regni
875 2249 937 2300 Asre
950 2248 1080 2317 usurpetur
1093 2249 1261 2318 nequissimus,

230 2328 318 2381 dolore
332 2329 422 2394 cordis,
435 2343 462 2380 ut
477 2329 597 2394 asseritur,
610 2331 690 2382 tasius
705 2329 856 2391 intrinsecus,
877 2341 990 2380 mortuus
1009 2329 1042 2380 eli
1061 2346 1090 2380 ac
1109 2328 1218 2397 sepultus
1233 2329 1258 2381 in

235 2407 339 2461 insemo.
365 2410 411 2462 Cui
432 2409 540 2462 successu
565 2409 628 2462 filius
650 2409 706 2462 suus
721 2408 873 2472 Coradinus‚
886 2408 922 2460 vir
934 2407 1034 2477 quidem
1052 2408 1157 2461 crudelia
1170 2410 1194 2460 u
1206 2408 1260 2461 infi-

229 2488 300 2540 delis.
321 2489 372 2548 Qui
384 2492 419 2541 ob
431 2489 550 2542 ultionem
565 2489 687 2559 captionis
700 2489 776 2541 turris
790 2501 936 2552 memorate,
958 2489 980 2540 a
994 2488 1128 2540 obsidionis
1141 2489 1260 2542 Damiate

232 2568 281 2620 iarn
294 2569 401 2638 incepre,
422 2587 506 2622 muros
521 2569 654 2622 Ierusalem
670 2569 795 2632 destruxit,
808 2570 831 2621 lt
845 2580 923 2620 turres
936 2586 1023 2620 omnes
1042 2580 1124 2637 preter
1138 2568 1258 2638 templum

232 2647 336 2700 Domini
352 2653 375 2700 ἃ
389 2661 481 2700 turrem
496 2649 589 2714 David,
602 2650 698 2718 redegit
712 2649 736 2700 in
749 2666 858 2702 acervos.

230 2792 280 2856 De
299 2795 423 2856 aduentu
447 2793 559 2876 Pelagij
571 2795 658 2876 legati
676 2772 710 2856 Β
732 2795 852 2856 aliarum
873 2793 1002 2854 nobilium
1021 2795 1063 2856 ad
1078 2793 1258 2857 Damiatam.

267 2938 406 3008 Subiugata
420 2951 505 2990 autem
519 2939 580 2990 turri
593 2938 721 3004 Damiate,
738 2938 903 2991 veneruntad
917 2937 1055 3008 passagium
1076 2939 1158 2992 saniie
1170 2940 1258 3007 crucis,

231 3020 301 3088 quod
311 3031 371 3072 tunc
383 3018 498 3084 instabat,
514 3020 546 3073 de
555 3019 655 3071 diversis
668 3019 753 3072 mundi
766 3019 877 3088 partibus
888 3019 1010 3088 peregrini
1021 3019 1099 3070 multi.
1113 3021 1180 3072 Inter
1193 3037 1257 3089 quos

230 3098 308 3153 venit-
324 3098 451 3167 Pelagius,
472 3097 622 3150 Albanensrs
643 3099 771 3168 episcopus
788 3100 812 3150 dc
832 3097 966 3168 apostolice
988 3099 1048 3150 sedis
1068 3099 1176 3167 legatur,
1199 3119 1256 3168 curn

230 3179 352 3254 magistro
365 3180 480 3230 Roberto
493 3179 525 3230 de
542 3179 653 3236 Currun,
678 3179 730 3230 viro
753 3177 836 3230 sarriio
854 3179 877 3229 δι
897 3177 972 3228 nobili
994 3179 1018 3229 δι
1039 3177 1130 3230 clerico
1150 3179 1257 3232 nominis

229 3259 383 3310 celeberrimi
399 3259 421 3310 a
437 3257 553 3310 Romane
571 3257 669 3310 ecclesie
683 3257 811 3322 cardinali,
835 3257 935 3309 natione
948 3257 1072 3325 Anglico,
1095 3259 1256 3312 &Romanis
1293 3295 1297 3306 ·

132 3353 155 3400 p.
167 3349 215 3397 230
229 3338 320 3389 multis.
330 3343 455 3390 Venerunt
467 3339 489 3390 δι
501 3338 607 3406 episcopi
620 3337 700 3402 multi,
714 3355 770 3389 cum
784 3336 876 3388 comite
886 3336 1037 3400 Nirernenst‚
1051 3337 1094 3405 qui
1104 3338 1161 3391 dico
1171 3356 1256 3393 comes

228 3419 322 3486 possea,
344 3417 489 3468 imminente
503 3417 698 3468 Christianorum
715 3417 823 3486 periculo
837 3417 942 3486 turpiter
956 3417 1056 3469 recessit.
1071 3417 1180 3470 Venit&
1196 3431 1256 3470 tunc

229 3495 348 3566 temporis
369 3495 405 3547 vir
422 3495 517 3548 illustris
535 3497 558 3547 8ι
578 3495 666 3548 nobilis
687 3513 772 3549 comes
792 3497 924 3552 Cestrensrs
947 3497 1103 3566 Ranulplrus,
1124 3499 1156 3550 de
1177 3515 1256 3567 regno

228 3577 385 3646 Anglorum,
398 3593 454 3628 curn
469 3576 603 3628 comitibus
615 3579 691 3628 Saero
701 3577 911 3641 Wintoniensr,&
921 3575 1054 3630 Willelmo
1065 3577 1254 3644 Harundelensr‚

229 3657 253 3708 ἃ
276 3657 413 3708 baronibus
436 3655 567 3706 illustribus
592 3656 704 3709 Roberto
723 3655 774 3708 filio
792 3656 909 3720 walteri,
930 3656 1050 3721 Iohanne,
1072 3657 1255 3710 constabulario

229 3733 330 3799 Ceslrie,
348 3735 472 3798 villelmo,
493 3735 525 3787 de
543 3737 677 3802 Harecurt,
696 3735 809 3799 olivero,
826 3735 878 3787 filio
893 3736 957 3804 regis
970 3735 1075 3803 Anglie,
1095 3752 1152 3788 cum
1167 3753 1254 3789 eorum

230 3813 329 3881 sequela
350 3814 437 3865 multa.
462 3819 588 3866 Venerunt
610 3813 684 3866 etiam
700 3815 805 3867 comites
819 3815 850 3867 de
863 3814 989 3879 Marchia‚
1008 3815 1040 3867 de
1053 3815 1133 3879 Batti,
1154 3816 1254 3869 Willel-

229 3909 284 3942 mus
297 3891 329 3943 de
343 3892 466 3955 Carnoto,
487 3895 567 3944 Iterus
582 3893 614 3944 de
626 3893 724 3958 Tocce‚
745 3894 769 3944 dr
784 3895 898 3946 Herveus
918 3894 950 3945 de
964 3894 1070 3958 Ursone,
1089 3896 1110 3945 a
1126 3893 1196 3946 multi
1211 3893 1252 3960 aiij

228 3971 334 4036 nobiles,
348 3988 454 4040 quorum
468 3973 571 4023 nomina
583 3971 740 4042 ignoramus,
758 3973 820 4026 licut
833 3991 880 4026 nec
892 3973 1006 4026 notitiam
1020 3974 1150 4026 habemus.

288 4119 337 4180 De
350 4120 472 4200 quadam
488 4121 703 4205 incomparabili
715 4125 869 4205 tempestate
880 4125 915 4185 ἐς
929 4121 996 4184 Nili
1007 4122 1191 4184 inundatione.

264 4253 292 4304 In
310 4252 394 4321 vigilia
406 4266 490 4306 autem
504 4253 570 4305 beati
584 4237 698 4321 andrei,
715 4255 788 4307 nodie
802 4253 893 4318 media,
910 4252 977 4305 Iasio
990 4253 1083 4305 tonitru
1095 4254 1253 4323 incompara-
1265 4265 1325 4313 Nov.
1337 4281 1367 4328 ²9

230 4329 280 4398 bili,
292 4346 349 4384 cum
363 4332 462 4398 nimbis,
475 4347 550 4386 rento
564 4335 587 4386 δι
600 4333 839 4398 chomsoationibtu,
855 4333 1026 4386 intumuerunt
1039 4333 1128 4387 dusius
1140 4334 1251 4386 maris&
