3716 5628
418 538 511 635 181.
547 541 756 636 marinus
778 537 1141 666 Sanusneserior.
1197 571 1285 661 257

82 811 159 868 luem,
171 826 192 870 p.
203 821 246 870 25¹
263 803 428 858 admiratione
441 817 577 876 permotui,
599 805 720 858 maiorem
735 822 794 874 erga
808 804 887 874 ipsum
900 805 1059 858 devotionem
1080 805 1195 874 concepit
1212 820 1287 873 toga-
1302 820 1361 868 ηις
1455 809 1458 816 “

263 884 349 954 vitque
362 885 485 938 snmulurn
498 885 597 950 Christi,
608 898 636 936 ut
646 886 756 954 predicia
770 885 909 954 susciperet,
921 903 967 955 pro
977 885 1054 937 salute
1062 885 1145 954 ipllrra,
1154 884 1288 937 christiania

264 965 415 1034 pauperibus
428 967 451 1016 ἃ
464 964 569 1018 ecclesiia
584 965 720 1034 eroganda.
730 965 784 1034 lpse
797 982 866 1029 vero,
875 966 933 1034 quia
946 965 1043 1034 pondua
1053 964 1166 1035 fugiebat
1176 963 1288 1034 pecunie,

263 1045 287 1096 tr
301 1043 325 1096 in
338 1044 424 1097 animo
437 1044 537 1096 Soldani
551 1063 608 1097 vere
621 1044 719 1113 pictatia
733 1061 782 1097 non
793 1045 894 1098 videbat
908 1046 1027 1108 radicem,
1039 1045 1177 1098 nullatenus
1190 1044 1290 1113 acquie-

263 1123 309 1176 vit.
328 1127 432 1176 Etcum
445 1125 476 1176 ad
490 1124 675 1178 conrerhonem
689 1124 772 1192 gentis
785 1124 849 1176 illius
861 1124 920 1176 nilu'l
936 1124 1075 1194 proliceret,
1089 1124 1121 1176 ad
1135 1137 1217 1194 partes
1229 1123 1291 1175 lide·

265 1202 334 1269 lium,
352 1204 438 1256 divina
449 1205 601 1256 revelatione
609 1203 788 1267 communitus,
802 1205 930 1271 remearit,
942 1203 1099 1275 privilegiato
1111 1204 1291 1258 consecrandus

266 1284 389 1355 martyrio
402 1283 516 1354 passionis
529 1285 552 1336 δι
563 1283 692 1337 vulrrerum
705 1285 759 1337 lesu
772 1283 869 1336 Christi.

698 1558 781 1622 Cna.
803 1555 861 1621 lx.

328 1757 453 1820 Continet
466 1757 614 1820 incidentia
628 1757 755 1840 quedam,
779 1757 959 1844 consustonem
971 1759 1067 1843 populi
1084 1757 1147 1820 chri
1169 1759 1231 1821 iani

597 1849 631 1908 &
645 1847 783 1910 Damiate
797 1846 970 1940 aniiffionon.

35 2091 255 2149 VinceutBellur,
302 2083 405 2136 Audita
421 2081 538 2152 captione
560 2081 689 2147 Damiate,
710 2083 851 2152 Georgiani
874 2083 987 2151 scripsere
1006 2081 1152 2147 ricioribus,
1169 2095 1243 2151 turpe
1261 2082 1297 2134 eia

66 2163 141 2230 supra
152 2181 173 2226 p·
186 2165 228 2212 108
268 2163 325 2230 effe,
337 2163 380 2215 nisr
393 2163 417 2215 ir
431 2162 473 2231 ipsi
486 2162 649 2227 Damascum,
670 2162 709 2215 vel
721 2162 797 2214 aliurn
817 2163 940 2216 famosum
960 2164 1043 2216 locum
1061 2163 1152 2215 uirtute
1165 2161 1297 2231 acquirant

267 2260 404 2297 armorum.
433 2241 585 2311 scripserunt
610 2243 633 2292 ἃ
656 2242 820 2312 Conradin03
844 2255 871 2294 ut
897 2243 969 2311 supra
997 2260 1052 2313 cap.
1075 2245 1121 2308 111,
1145 2255 1207 2311 part.
1229 2242 1297 2294 vni.

54 2335 154 2391 Eracler,
165 2349 186 2394 p.
199 2343 255 2392 347-
269 2323 369 2378 Eodem
381 2339 458 2386 anno,
471 2339 522 2390 quo
534 2333 610 2390 capta
623 2321 655 2373 est
669 2322 798 2388 Damiata,
810 2323 979 2394 Rayrnundue
990 2341 1004 2374 a
1014 2323 1117 2392 Rupino
1131 2321 1297 2375 Antiochiam

136 2408 179 2455 349
269 2413 408 2471 recuperat,
422 2400 562 2470 proditione
574 2399 704 2452 Guilielnri
718 2401 835 2455 Farabel.
849 2401 964 2470 Rupinus
979 2402 1093 2472 expulsus
1110 2401 1142 2454 ad
1160 2402 1297 2454 Licuonem

269 2481 393 2537 Armenie
405 2499 500 2550 regem,
522 2479 608 2532 matria
633 2482 793 2546 avunculum,
819 2482 943 2550 confugit,
972 2483 1105 2535 immemor
1126 2481 1222 2546 iniunt,
1248 2499 1298 2550 qua

269 2563 348 2633 ipsum
361 2561 393 2613 de
406 2559 546 2612 Antiochia
559 2559 662 2629 expulit.
679 2560 723 2612 llle
736 2560 856 2627 infirmus,
866 2562 1036 2630 continuoque
1046 2562 1189 2625 moriturus,
1199 2561 1299 2630 filiaque

271 2643 315 2694 snb
336 2639 480 2694 Constantia
500 2639 677 2706 consanguinei
695 2638 738 2702 sui,
755 2640 801 2692 riri
819 2641 926 2692 multum
946 2641 1039 2706 divitis,
1058 2641 1136 2694 tutela
1150 2641 1298 2710 relinquent,

271 2732 388 2791 nepotem
401 2717 495 2783 abiicit,
515 2717 558 2787 qni
570 2719 602 2770 ad
617 2717 728 2788 legatum
743 2719 863 2772 Damiate
875 2720 899 2772 se
916 2720 1031 2785 contulit,
1047 2722 1071 2773 tr
1090 2738 1135 2791 pro
1157 2719 1298 2774 Antiochia

271 2804 294 2855 δι
316 2797 441 2853 Armenia
465 2798 644 2867 recuperanda,
666 2798 770 2867 pecunie
794 2801 818 2852 tr
839 2800 921 2869 gentis
943 2801 1031 2854 bellice
1050 2800 1169 2854 auxilium
1192 2801 1298 2870 petit&

272 2881 396 2948 impetrat.
410 2878 456 2931 Ille
468 2879 492 2930 in
515 2879 615 2932 Tharso
637 2892 761 2949 receptus,
782 2897 796 2931 a
823 2881 960 2934 Constante
982 2881 1087 2950 capitur,
1106 2883 1130 2932 &
1150 2893 1300 2947 carceratur,

272 2960 357 3029 ibique
381 2958 494 3010 moritur.
519 2959 636 3011 Audiens
656 2977 759 3028 quoque
781 2961 864 3012 &rex
887 2959 1019 3014 Ierusalem
1039 2961 1158 3013 Lievonis
1183 2974 1301 3026 mortem,

272 3037 407 3092 christiania
420 3035 511 3088 reliffis
523 3036 616 3102 castris,
631 3037 676 3089 sub
689 3036 730 3106 spe
745 3038 879 3108 propinqui
902 3039 1005 3104 reditus,
1026 3039 1223 3111 Ptolomaydam
1245 3058 1302 3110 pro·

273 3119 353 3172 seclus
367 3117 413 3184 est;
431 3117 532 3168 volebat
553 3117 618 3168 eninr
633 3117 730 3169 ratione
742 3117 824 3170 uxoria
838 3113 965 3171 Armenie
982 3136 1087 3188 regnum
1104 3117 1148 3171 libi
1161 3119 1299 3189 acquirere,

274 3198 314 3251 sed
327 3195 455 3251 conseslim
471 3195 511 3248 illa
524 3195 698 3249 infirmatur&
711 3197 827 3264 moritur,
845 3198 940 3250 &infra
958 3199 1011 3251 dies
1020 3216 1062 3263 xv,
1071 3198 1175 3251 moritur
1186 3199 1301 3269 parvulus

44 3285 259 3342 Vincentllellor,
274 3278 325 3331 eiua
347 3277 421 3336 filius,
439 3275 483 3345 qui
495 3287 603 3344 quatuor
623 3288 721 3328 tanturn
739 3288 792 3328 erat
815 3295 947 3330 annorum.
964 3278 1067 3331 Interim
1086 3295 1145 3330 vero
1169 3279 1301 3332 MCCXX
1317 3295 1375 3342 rarp

71 3357 177 3423 suprap.
191 3369 234 3416 ¹09
276 3356 434 3412 Conradinua
446 3355 559 3424 princeps
573 3356 690 3408 Damasci
713 3356 832 3408 destruxit
853 3357 959 3410 castrum
983 3358 1083 3427 Saphet.
1104 3361 1301 3426 Supervenerunt

42 3455 90 3511 ld,
102 3469 122 3513 p.
132 3452 222 3509 1266‚t,
231 3462 260 3510 93
275 3454 376 3508 quoque
388 3436 420 3488 de
435 3433 509 3486 ltalia
524 3434 596 3487 multi
614 3435 736 3505 peregrini
749 3437 781 3488 ad
795 3437 930 3489 exercitum
943 3437 1071 3490 Damiate.
1082 3439 1117 3490 Et
1127 3438 1216 3489 eodem
1227 3455 1303 3503 anno,

42 3523 98 3582 (Ed.
108 3520 262 3580 Duaei,1624)
275 3516 379 3570 Tanari
393 3513 533 3584 Georgiam
546 3515 641 3567 vallare
654 3529 790 3584 ceperunt;
804 3516 893 3569 deinde
906 3517 1059 3570 intraverunt
1073 3516 1193 3570 maiorem
1208 3519 1303 3570 Arme·

275 3596 352 3661 niam,
364 3595 406 3647 ubi
420 3594 454 3648 est
467 3612 539 3647 mona
553 3596 649 3661 Arath,
662 3596 706 3648 ubi
720 3594 841 3664 requievit
853 3595 928 3648 archa
949 3598 1014 3660 Νοέ,
1035 3594 1059 3647 ἰη
1081 3595 1150 3648 cuius
1169 3596 1252 3649 radice
1268 3599 1302 3649 eli
1318 3616 1378 3652 raao

276 3675 355 3745 prima
370 3675 466 3738 civitas,
478 3691 555 3744 quarn
570 3674 697 3727 edificavit
709 3676 773 3741 Noc,
789 3686 877 3728 contra
895 3693 972 3745 quam
989 3676 1045 3728 fluit
1062 3675 1179 3727 fluminua
1191 3677 1301 3742 Artosra,

187 3777 208 3823 p.
217 3773 263 3807 aro
276 3756 318 3825 qui
331 3755 387 3807 fluit
400 3772 443 3824 per
463 3753 574 3807 medium
598 3755 728 3824 Mongan,
741 3755 785 3808 ubi
808 3756 862 3807 sunt
884 3755 909 3807 in
930 3756 1023 3825 hyeme
1043 3755 1158 3820 Tartari,
1172 3757 1249 3825 usque
1270 3757 1303 3808 ad

58 3847 260 3907 Eraeler,350·35r
276 3853 344 3888 mare
356 3834 526 3887 Salranicum.
540 3835 614 3886 Nunc
630 3835 662 3886 ad
675 3834 800 3886 historiam
810 3835 941 3888 redeuntes
951 3836 1073 3900 dicamus,
1082 3835 1150 3903 quod
1161 3835 1260 3904 legatus
1272 3837 1305 3889 de

277 3915 398 3968 Damiata
411 3912 646 3984 processrtulteriua,
657 3912 701 3982 qui
720 3931 781 3966 vero
796 3931 826 3965 ea
848 3925 917 3982 parte
940 3913 1006 3982 regia
1027 3913 1158 3966 Ierusalem
1180 3926 1260 3978 erant,
1271 3915 1304 3968 illi

277 3994 433 4059 denuntiant,
452 3993 510 4063 quia
529 4009 572 4062 per
590 3993 639 4046 hoc
664 3993 698 4045 ini
726 3994 809 4045 honor
836 3993 860 4044 ir
885 3992 1025 4045 dominium
1049 3991 1167 4057 demitur,
1198 3993 1238 4046 ille
1258 3994 1305 4047 iter

277 4071 409 4138 accelerat,
430 4075 454 4125 δι
476 4073 526 4124 iarn
547 4072 670 4125 exercitus
695 4083 764 4124 extra
787 4069 900 4141 pomeria
924 4071 1033 4125 civitatis
1058 4071 1137 4124 castra
1161 4071 1306 4143 locaveratp

277 4151 369 4221 viaque
389 4151 499 4206 obtinuit
517 4151 605 4204 diebus
625 4161 736 4222 quatuor
748 4149 880 4221 expebiari.
904 4151 1002 4212 Quinta
1020 4149 1061 4203 die
1083 4147 1266 4203 iterassumunr
1281 4155 1306 4205 δι
1322 4167 1378 4201 raar

278 4248 323 4302 per
344 4231 422 4302 ripam
445 4231 556 4284 liuminia
577 4249 608 4284 ex
631 4241 703 4301 parte
723 4229 844 4283 Damiate
863 4231 976 4300 equitant
996 4233 1020 4284 8ι
1042 4229 1112 4282 iuxta
1133 4245 1176 4282 eoa
1197 4229 1305 4298 ipsorum

278 4310 378 4382 navigia
390 4312 483 4364 cuneta
495 4309 631 4366 uecell'aria
644 4322 756 4382 portant,
775 4309 897 4380 nulloque
912 4310 1069 4380 prohibente,
1082 4309 1149 4362 venit
1161 4309 1194 4360 ad
1211 4310 1307 4378 locum,

420 4415 440 4453 Τ
1077 4411 1194 4506 ,Η
