3656 5648
595 545 647 637 54
704 513 942 643 Testimonia
963 512 1004 602 in
1028 511 1188 642 Magna
1212 511 1315 600 Brit.
1329 511 1508 634 scripta.

580 779 742 857 christiani,
761 778 892 840 maxime
910 773 963 838 stbi
976 793 1036 839 tam
1047 773 1269 853 honorabilem,
1281 776 1492 857 provocabunt
1504 774 1608 838 Deum

580 867 665 930 suum
677 869 706 930 in
719 867 825 930 odium
836 866 877 928 sui
891 887 945 948 per
959 864 1237 946 concupiscentiam
1252 864 1398 947 iniquam,
1413 863 1441 926 δι
1456 860 1496 926 stc
1507 863 1608 946 super-

580 955 690 1018 borum
701 955 874 1038 aspernator
883 955 920 1016 ab
930 955 973 1016 eis
989 952 1344 1034 recedethabebuntque
1354 953 1607 1034 impugnatorem,

579 1066 671 1128 quern
686 1044 858 1107 habuerunt
877 1044 1043 1125 propitium
1061 1041 1251 1104 adiutorem!
1274 1039 1315 1103 Et
1336 1040 1407 1102 licet
1427 1040 1486 1103 boc
1510 1038 1607 1102 conli-

579 1133 654 1194 lium
673 1131 776 1194 multis
788 1131 966 1214 displiceret,
979 1130 1069 1192 millis
1084 1147 1185 1192 tamen
1194 1127 1484 1192 nuntiischristianis
1496 1128 1607 1191 obtulit

578 1241 682 1282 veram
696 1241 898 1302 crucemque
913 1217 987 1280 olim
1003 1240 1020 1280 a
1034 1218 1214 1280 Salalradino
1229 1236 1318 1301 capta
1331 1218 1438 1296 suerat,
1452 1239 1523 1280 cum
1535 1239 1607 1299 cap-

579 1310 647 1372 tivis
672 1308 814 1371 omnibus
835 1309 887 1390 qui
914 1328 967 1389 per
987 1327 1115 1388 regnum
1138 1306 1302 1388 Babylonis
1329 1307 1357 1369 δι
1380 1305 1523 1368 Damasci
1547 1307 1605 1368 vivi

578 1413 719 1481 poterant
742 1395 876 1479 reperiri,
897 1417 969 1457 cum
983 1394 1149 1476 sumptibus
1170 1393 1340 1458 necessariis
1363 1395 1399 1456 ad
1422 1395 1607 1477 reparandos

578 1506 679 1550 muros
700 1484 890 1548 Hierusalem
915 1483 944 1546 dt
969 1485 1124 1546 civitatem
1149 1484 1179 1546 in
1200 1485 1308 1546 statum
1335 1481 1492 1565 pristinum
1518 1484 1607 1546 redu·
1621 1517 1643 1562 ρ.
1656 1501 1687 1563 58

577 1575 716 1638 cendam.

798 1840 850 1920 39.
881 1841 1113 1896 narramus
1138 1843 1249 1897 rmus
1268 1839 1412 1916 (†12n)‚

887 2012 1023 2100 Historia
1047 2015 1145 2080 maior
1168 2013 1305 2104 casaglia.

808 2194 868 2264 [Ed.
884 2195 1008 2260 Madden‚
1022 2195 1141 2264 Londini,
1159 2202 1234 2262 1879,
1246 2195 1309 2262 in·8,
1322 2197 1375 2267 V.]·

962 2310 963 2321 ’
1079 2327 1098 2370 a

807 2475 914 2540 [Sequitur
924 2474 1053 2522 adverbum
1066 2477 1177 2540 Rogerirnn
1188 2476 1213 2523 de
1228 2477 1375 2541 Wendower]

619 2643 703 2710 1253.
713 2627 796 2690 Huic
804 2627 1015 2691 consimillima
1023 2628 1111 2710 pellis
1120 2629 1180 2690 iam
1192 2625 1392 2712 quadraginta
1400 2631 1486 2694 annis
1498 2629 1604 2714 elapsis
1618 2665 1639 2710 p.
1655 2649 1701 2709 3⁸7

576 2716 759 2798 contigitde
767 2716 900 2799 quodam
911 2716 1106 2799 Templario,
1116 2739 1170 2800 pro
1186 2739 1247 2779 uno
1259 2740 1339 2800 equo
1351 2717 1538 2782 desiderabili
1551 2717 1602 2782 fibi

575 2800 724 2865 violenter
734 2803 845 2883 ablato,
853 2804 1051 2886 transfugium
1060 2805 1096 2866 ad
1106 2805 1269 2868 Saracenos
1282 2805 1420 2885 faciente,
1429 2809 1477 2868 cui
1490 2829 1603 2870 nomen

576 2889 757 2971 Ferrandus,
773 2894 803 2954 in
824 2895 916 2956 armis
938 2894 1072 2956 strenuus
1093 2893 1122 2956 dt
1143 2893 1269 2956 consilio
1289 2895 1533 2978 circumspedlus,
1552 2919 1605 2980 per

575 3001 667 3062 quem
682 2983 781 3063 primo
804 2982 979 3044 Damiatam
999 2983 1169 3061 amiserunt,
1188 2982 1235 3045 sed
1256 2983 1285 3045 δι
1307 3005 1431 3046 omnem
1453 2986 1604 3049 bonorem

576 3067 736 3132 infeliciter
755 3071 920 3133 christiani:
937 3071 984 3134 sed
1001 3074 1123 3135 tandem
1138 3095 1208 3137 curn
1223 3073 1417 3136 submerfioni
1435 3073 1604 3158 patuissent,

575 3159 739 3222 commotis
754 3159 925 3239 visceribus,
935 3183 974 3223 ne
989 3162 1079 3244 culpa
1094 3163 1182 3226 unius
1198 3165 1227 3226 in
1244 3180 1289 3226 tot
1304 3164 1399 3226 millia
1409 3165 1603 3243 redundaret,

575 3243 711 3308 subvenit
726 3247 873 3331 perituris.
917 3327 920 3332 ,

857 3513 914 3588 40.
943 3510 1320 3584 MATTnAEusrna1s‚

867 3670 1003 3758 Historia
1024 3677 1121 3738 minor
1139 3673 1321 3764 cinglorum.

727 3853 786 3918 [Ed.
804 3851 928 3917 Madden,
942 3853 1036 3917 Lond.,
1052 3856 1127 3918 1866,
1139 3851 1202 3918 in-t,
1217 3856 1249 3918 ll,
1264 3873 1289 3924 p.
1305 3874 1356 3920 ²²7
1370 3857 1453 3929 seqq.]

1079 3993 1098 4034 ³l⁸

575 4158 756 4224 [lrrjrasequitur,
764 4159 850 4206 breviar
859 4177 921 4224 quum
930 4162 950 4205 in
960 4161 1057 4206 chronicis
1065 4160 1184 4219 maioribus,
1194 4162 1281 4226 Rogerij
1288 4163 1314 4210 de
1322 4163 1449 4223 Wndower
1459 4169 1534 4216 floret
1545 4171 1600 4229 (lv,

576 4234 612 4296 36,
625 4233 704 4295 38-43,
715 4233 798 4294 46-49,
814 4233 894 4296 56-61,
911 4235 1009 4294 7576),
1020 4249 1068 4296 qua
1078 4250 1131 4279 vero
1142 4233 1169 4280 ab
1181 4235 1214 4280 illo
1219 4233 1281 4296 'fonte
1288 4235 1336 4297 plur
1347 4249 1386 4282 aut
1397 4239 1462 4286 minut
1473 4237 1600 4304 discrepant,

931 4305 967 4351 loc
976 4305 1018 4350 loto
1029 4306 1081 4370 typis
1090 4303 1192 4352 mndata
1202 4303 1266 4370 [uun]
