3656 5648
423 527 494 646 67.
530 527 758 626 Cononicus
785 527 1040 668 suronrnfis.
1198 538 1257 664 89

232 796 373 861 milliaria
387 799 545 882 fugientes,
566 800 702 884 &usque
724 803 760 865 ad
776 824 873 886 genua
890 805 920 866 iri
935 825 1081 887 aquarum
1099 807 1258 888 paludibus

231 886 403 966 existentes,
424 909 535 971 magno
558 891 672 972 impetu
690 890 921 974 prosequuntur.
946 893 1051 956 Nostri
1067 916 1150 974 vero,
1164 895 1257 979 longo

231 976 335 1039 labore
360 976 519 1041 itineris&
539 979 652 1040 ieiunio
675 981 798 1063 fatigati,
813 981 853 1042 ibi
877 982 1059 1066 immobiles.
1072 985 1258 1064 exstiterunt,

233 1065 364 1130 Domini
386 1065 621 1130 misericordiam
644 1069 856 1151 implorantes;
878 1070 907 1133 δι
926 1075 1018 1134 etiam
1033 1094 1103 1134 cum
1118 1074 1196 1136 ultra
1211 1077 1257 1139 in-

232 1156 341 1218 cedere
362 1177 423 1218 non
440 1155 583 1236 valerent,
605 1157 782 1224 incessantes
804 1161 929 1226 insultus
952 1163 1082 1226 hostium
1105 1163 1259 1224 humiliter

233 1245 432 1327 pertulerunt,
446 1246 484 1308 ab
499 1247 542 1310 eis
557 1264 687 1311 mortem
703 1248 894 1313 solummodo
909 1250 1113 1333 prestolantes.
1134 1252 1191 1316 Sed
1207 1252 1258 1314 ille

232 1334 284 1417 qui
300 1353 362 1396 non
376 1334 443 1398 vult
457 1351 589 1398 mortem
605 1338 784 1418 peccatoris,
803 1337 850 1400 sed
866 1356 900 1401 ut
914 1356 1108 1404 convertatur
1123 1339 1152 1404 δι
1166 1343 1259 1419 vivat,

231 1424 264 1486 in
282 1423 368 1486 cuius
384 1445 475 1486 manu
488 1425 583 1486 corda
594 1445 699 1508 regum
714 1425 779 1489 sunt
791 1426 894 1509 posita,
908 1427 938 1490 δι
950 1451 1003 1492 eos
1015 1429 1139 1511 presenti
1159 1447 1258 1493 morte

232 1509 354 1594 eripuit,
378 1513 407 1576 δι
429 1515 458 1575 in
480 1514 523 1576 eis
544 1535 599 1575 cor
617 1515 695 1598 regis
710 1514 822 1600 Egypti
838 1520 874 1579 ad
890 1518 1124 1582 misericordiam
1138 1519 1260 1582 emolli-

232 1603 291 1663 vit:
312 1621 384 1664 nam
410 1601 558 1666 Soldanus
574 1601 752 1686 Babylonie
776 1622 878 1670 motus
899 1609 1030 1691 quadani
1056 1608 1260 1671 misericordia

232 1690 371 1770 naturali,
395 1691 438 1754 eis
458 1691 619 1755 avinculis
634 1691 664 1755 dt
678 1715 695 1755 a
709 1711 808 1756 morte
830 1698 977 1778 pepercit,
1000 1697 1142 1761 &vidius
1157 1699 1260 1761 neces-

168 1811 169 1814 *
233 1776 307 1843 saria
328 1781 515 1845 ministravit.
542 1779 697 1866 Denique,
723 1783 787 1865 post
812 1783 922 1846 multas
945 1786 1027 1865 pacis
1052 1785 1261 1866 promissiones

233 1868 270 1930 ab
285 1885 412 1954 utraque
434 1887 518 1954 parte
541 1869 717 1954 propositas,
742 1873 902 1934 intervenit
923 1873 1103 1956 compositio
1127 1876 1157 1936 in
1180 1876 1261 1936 hunc

233 1960 371 2038 modum,
392 1961 474 2043 quod
498 1961 649 2023 christiani
666 1960 842 2025 Damiatam
857 1961 1026 2026 Sarracenis
1042 1965 1214 2042 redderent,
1233 1964 1262 2026 δι

233 2048 397 2126 Sarraceni,
423 2065 526 2132 treuga
539 2049 658 2112 firmata
679 2050 822 2133 usquead
839 2050 911 2113 odio
927 2073 1034 2130 annos,
1056 2067 1172 2134 partem
1188 2051 1260 2134 ligni

234 2137 344 2203 Crucis
371 2134 512 2216 Domini,
540 2160 630 2222 quani
657 2137 805 2202 Soldanus
830 2161 846 2200 a
871 2137 1065 2223 lerosolymis
1090 2140 1262 2222 asportarat,

233 2227 401 2290 christianis
422 2226 621 2305 restituerent,
645 2228 675 2290 ἃ
695 2229 738 2292 eis
753 2230 824 2290 dato
839 2229 1004 2306 condutta,
1020 2229 1138 2312 utrique
1154 2229 1262 2290 utrius-

234 2337 295 2400 que
306 2315 410 2400 populi
425 2317 563 2398 captivos
575 2317 694 2399 penitus
710 2317 881 2380 liberarent.
898 2317 975 2405 Quo
987 2317 1024 2379 ab
1040 2333 1165 2402 utraque
1175 2317 1261 2400 parte

234 2403 386 2484 concello,
400 2425 515 2483 rumor,
526 2406 578 2489 qui
589 2405 669 2468 clam
681 2405 757 2468 nibil
768 2427 855 2490 agere
867 2405 1034 2484 consuevit,
1042 2406 1120 2487 apud
1134 2405 1262 2468 Damie-

235 2511 297 2556 tam
312 2495 449 2577 protinus
471 2493 612 2573 evolavit,
638 2494 847 2577 universasque
861 2495 890 2558 δι
904 2491 1045 2578 singulos,
1068 2495 1170 2556 audita
1184 2497 1264 2555 sama

235 2583 403 2667 infortunij,
414 2582 624 2656 consternavit.
642 2583 747 2662 Porro,
764 2583 940 2667 quibusdam
952 2583 1126 2647 volentibus
1138 2582 1262 2646 reddere

234 2672 400 2750 civitatem,
414 2671 591 2755 quibusdam
614 2672 798 2751 nolentibus,
822 2689 887 2734 orta
900 2672 943 2735 est
957 2670 1091 2734 dissensio
1107 2673 1185 2734 inter
1200 2694 1261 2735 eos.

235 2761 319 2824 Nam
334 2759 458 2837 Veneti,
481 2757 587 2838 Pisani,
611 2757 769 2824 lanuenses
792 2761 821 2825 dt
843 2761 946 2839 Siculi,
970 2783 1040 2824 curn
1064 2761 1207 2823 omnibus
1225 2759 1262 2821 de

236 2851 366 2932 imperio
390 2848 553 2926 nobilibus,
578 2851 731 2913 civitatem
761 2850 923 2914 desendere
944 2851 1149 2926 conabantur3
1172 2848 1202 2912 dt
1225 2870 1262 2909 ex

236 2939 294 3002 alia
308 2954 393 3021 parte
409 2937 515 3015 Greci,
535 2938 624 3022 Syrij,
646 2939 798 3023 Armenij,
823 2961 894 3002 cuni
910 2939 1076 3022 Hospitalis
1091 2937 1262 3017 &Templi

236 3027 383 3091 militibus
398 3025 428 3089 dt
443 3026 610 3089 Homerico
629 3028 811 3090 vicecomite
825 3028 964 3111 Toarcij,
986 3026 1015 3091 &
1030 3028 1095 3090 aliis
1109 3025 1264 3089 nobilibus

237 3115 262 3180 F
263 3118 375 3194 rancie,
390 3117 441 3199 qui
458 3117 487 3177 in
504 3115 575 3178 urbe
590 3116 803 3196 remanserant,
824 3139 890 3180 eam
907 3117 1034 3179 reddere
1051 3116 1264 3189 minabantur3

237 3204 266 3269 &
289 3205 456 3268 ita'Veneti
475 3202 504 3267 &
523 3203 571 3288 alij
592 3204 752 3286 supradidli
769 3206 879 3289 palatia
894 3206 982 3290 regis,
996 3204 1125 3288 Templi
1143 3202 1264 3267 &Hos-

238 3294 337 3377 pitalis
352 3290 500 3371 obsident,
513 3291 543 3354 δι
558 3315 593 3355 ea
607 3291 729 3358 diversis
746 3295 893 3358 machinis
908 3295 1130 3378 impugnantes,
1145 3295 1174 3355 in
1188 3291 1264 3354 cras-

238 3385 311 3446 tino'
320 3381 399 3444 beati
416 3379 516 3464 Egidij
534 3382 563 3442 iri
581 3383 662 3444 liram
677 3383 819 3466 redigunt
833 3382 1020 3465 potestatem.
1036 3382 1181 3465 Cumque
1195 3380 1233 3442 sic
1248 3400 1265 3441 a
1279 3392 1417 3454 septenum

237 3487 328 3554 gente
350 3469 468 3552 imperij
492 3484 556 3531 tota
576 3470 682 3533 civitas
704 3487 865 3548 teneretur,
889 3471 990 3549 nostri,
1013 3472 1065 3555 qui
1084 3469 1164 3554 quasi
1184 3469 1264 3550 capti

238 3557 449 3637 remanserant,
473 3556 552 3639 apud
570 3557 746 3623 Damietam
769 3560 898 3623 nuncios
919 3559 1073 3638 miserunt,
1088 3558 1266 3622 mandantes

239 3650 333 3734 quod,
357 3647 410 3711 nisi
434 3647 540 3710 civitas
565 3646 708 3712 Damiate
733 3647 873 3733 Egyptiis
898 3649 1085 3727 redderetur,
1109 3648 1180 3711 loco
1203 3648 1266 3709 eius

239 3736 452 3816 Acconensem
474 3739 517 3804 eis
532 3739 690 3800 redderent
704 3737 870 3800 civitatem.
895 3735 971 3822 Quo
987 3735 1102 3814 audito,
1123 3736 1268 3798 convenit

239 3825 346 3888 civitas
368 3826 504 3889 universa
529 3829 558 3890 in
581 3824 706 3890 ecclesia
726 3827 813 3888 beate
836 3826 978 3909 Virginis,
1004 3841 1036 3887 ut
1057 3823 1268 3902 deliberarent,

240 3913 313 3996 quid
329 3912 416 3996 super
437 3915 497 3978 hoc
519 3913 552 3978 sit
571 3916 731 3998 agendum.
758 3915 906 3977 Videntes
930 3914 1030 3995 itaque
1053 3909 1104 3976 sibi
1125 3913 1268 3976 alimenta

240 3999 379 4082 deficere,
393 4001 422 4066 δι
437 4003 531 4087 quod,
549 4005 727 4066 imminente
743 4003 861 4086 hyeme,
882 4023 943 4064 non
960 4017 1078 4084 poterat
1092 4002 1135 4065 eis
1149 4001 1266 4085 aliqua-

241 4105 328 4152 tenus
343 4088 501 4171 subveniri,
523 4091 676 4176 maiusque
692 4091 837 4152 damnum
852 4091 1062 4153 Acconensem
1078 4091 1184 4152 urbem
1200 4109 1267 4172 per-

241 4178 343 4241 dendo
359 4201 450 4264 quam
467 4181 643 4245 Darnietam
667 4177 765 4242 taliter
780 4179 939 4242 retinendo
956 4177 1144 4262 [emergere],
1164 4179 1268 4240 habito

242 4269 410 4349 peritorum
434 4269 571 4348 consilio,
595 4268 750 4336 civitatem
772 4265 911 4352 Egyptiis
940 4268 1122 4332 unanimiter
1146 4267 1270 4330 reddere

242 4354 450 4420 decreverunt.
1048 4441 1057 4456 κ

399 4462 419 4502 Τ
1115 4463 1144 4500 12
