3656 5648
481 568 553 660 66.
589 541 795 664 Refertur
816 563 1015 662 Abolonr.
1197 563 1254 686 ὃς

235 833 318 902 Capta
331 833 365 886 eii
375 832 452 904 igitur
463 833 583 894 Damieta
600 833 672 892 ooair
685 835 829 890 normbrir
846 833 941 902 absque
952 830 1089 897 deditione,
1109 831 1159 886 sure
1174 829 1259 886 desen-
1271 827 1332 874 Μ’·
1344 838 1356 888 5

235 911 310 979 lione,
332 912 381 966 tine
399 914 507 967 violenta
525 915 712 986 depredatione,
733 914 757 966 in
782 913 859 966 oculis
877 913 944 982 regis
962 910 1112 982 Babylonis,
1130 911 1173 980 qui
1191 929 1259 968 more

236 991 308 1045 solito
326 1009 376 1046 non
397 993 444 1046 fuit
461 995 535 1048 ausut
551 995 639 1050 Christi
657 994 745 1048 milites
768 1011 810 1064 per
827 992 945 1046 fossatum
962 991 1125 1061 aggrediut
1147 990 1190 1046 suli
1203 993 1260 1044 Deo

236 1072 372 1126 ascribatur
394 1075 521 1130 evidenter
534 1073 648 1142 vidioria3
667 1077 690 1128 δι
711 1087 738 1126 ut
751 1073 879 1126 manisello
897 1072 975 1125 divini
995 1071 1087 1124 favorio
1105 1070 1180 1124 noilri
1201 1070 1261 1124 leta·

237 1157 357 1205 rentur&
372 1153 573 1208 confortarentur
588 1155 690 1219 iudicio,
706 1171 764 1209 cum
778 1153 903 1218 timerent,
915 1170 955 1217 ne,
966 1151 1022 1220 ipsis
1034 1151 1183 1205 intrantibus
1201 1151 1260 1204 civi·

237 1243 325 1298 tatem,
345 1231 505 1288 dircumllana
522 1237 716 1288 Sarraceuorurn
730 1233 852 1286 exercitur
866 1233 945 1285 casira
959 1231 1097 1296 irruaderet,
1116 1231 1261 1284 eorumdem

237 1311 328 1366 fluvius
350 1313 435 1366 divino
455 1327 515 1368 nutu
537 1315 618 1368 subito
641 1315 705 1368 adeo
726 1312 866 1376 inundavit,
888 1326 915 1364 ut
936 1309 1107 1366 inaccessibilia
1129 1311 1261 1364 reddiderit

238 1391 317 1446 oaslra
338 1391 398 1462 ipsa,
419 1395 443 1446 δι
465 1393 592 1448 manifeste
605 1393 711 1464 patuerit
732 1393 801 1462 quod
814 1411 860 1463 pro
873 1391 1014 1446 christicolis
1027 1403 1115 1444 contra
1128 1389 1262 1446 insensato·

237 1470 289 1542 ipsa
301 1473 423 1528 elementa
435 1476 594 1543 pugnabant.

26 1557 224 1621 Oliv.,p.1418
273 1551 366 1606 Videor
380 1565 466 1607 autem
479 1553 601 1608 Soldanur
622 1565 722 1623 captam
740 1552 789 1608 else
801 1551 957 1617 Damietam,
978 1550 1073 1620 ingenti
1095 1562 1188 1604 terrore
1204 1565 1264 1602 con·

238 1631 328 1697 misus,
344 1650 401 1686 curn
415 1633 501 1686 dolore
515 1634 592 1687 nimio
605 1635 628 1686 δι
641 1651 738 1686 merore
751 1633 858 1702 fugiens,
871 1631 950 1684 castra
963 1631 1005 1684 sua
1017 1629 1157 1684 combullit.
1178 1630 1264 1698 Ingre-

141 1734 165 1779 p.
178 1717 226 1778 289
238 1711 363 1766 dientibur
374 1724 460 1765 autem
474 1714 561 1767 noiirir
575 1727 661 1785 portat
670 1713 788 1766 Darniete
798 1710 905 1766 occurrit
918 1711 982 1764 fetor
995 1708 1165 1772 intolerabilis,
1181 1708 1264 1778 aspen·

239 1801 279 1842 tut
298 1789 454 1856 miserabilis,
476 1793 570 1846 mortui
588 1791 658 1846 viror
678 1791 867 1856 interfecerunt;
891 1791 963 1844 vir&
978 1807 1049 1855 uxor,
1069 1801 1138 1859 pater
1154 1790 1177 1844 δι
1192 1789 1266 1855 filim,

239 1867 355 1920 dominun
367 1871 391 1921 dr
404 1870 495 1936 servus,
513 1872 536 1924 se
549 1871 641 1922 mutuis
656 1871 777 1922 fetoribus
790 1870 983 1936 interenretunt3
1003 1866 1118 1933 infantes,
1141 1868 1173 1920 ad
1188 1869 1265 1922 ubera

240 1959 348 2000 matrum
359 1950 505 2018 pendentes,
517 1951 580 2004 inter
591 1951 719 2020 amplexum
729 1948 889 2001 morientium
898 1947 1053 2013 oscitabant3
1068 1946 1167 2000 delicati
1176 1947 1265 2001 divites

239 2027 302 2080 iuter
314 2044 417 2080 acervos
440 2029 514 2083 tritici
536 2031 668 2100 perierunt.
691 2030 793 2082 Plurimi
815 2041 900 2080 autern
916 2046 945 2079 ex
965 2026 1022 2090 illie,
1042 2026 1129 2079 aorisia
1153 2025 1264 2095 pereulli,

239 2105 331 2174 apertis
350 2107 429 2160 oculis
442 2109 499 2164 nibil
512 2110 596 2166 ridere
608 2111 766 2166 dicebantur.
790 2109 915 2163 &minue
932 2107 1000 2160 enirn
1018 2105 1196 2175 evaginaverat
1213 2104 1267 2174 gla-

240 2184 308 2237 dium
327 2187 397 2238 suum
416 2189 469 2257 post
487 2207 538 2254 eoe,
561 2189 755 2243 &interfecerat
775 2207 817 2242 eor
831 2207 918 2241 manua
933 2187 995 2252 eius,
1016 2186 1081 2238 adeo
1093 2185 1163 2254 quod
1176 2203 1191 2237 a
1203 2197 1266 2237 tem-

234 2259 301 2333 'pore
316 2282 367 2334 quo
387 2267 494 2337 persedit
512 2270 546 2322 eil
565 2268 670 2334 obsidio,
693 2269 756 2322 infra
778 2287 869 2322 novem
892 2267 995 2333 menses,
1018 2264 1173 2334 septuaginta
1192 2263 1267 2317 millia

241 2344 431 2397 Sarracenorum
451 2346 575 2416 perierunt
596 2347 748 2412 incivitate,
770 2347 878 2416 exceptis
898 2346 977 2398 tribus
997 2343 1105 2395 millibus
1118 2359 1181 2412 quos
1196 2340 1265 2394 vivut

242 2437 395 2492 repererunt,
408 2424 472 2477 inter
480 2442 543 2494 quoe
557 2426 597 2480 rix
609 2439 710 2479 centum
725 2426 775 2478 sani
787 2425 956 2479 remanserant
968 2423 1010 2492 qui
1023 2421 1119 2492 possent
1132 2422 1266 2473 defendere

243 2502 378 2568 civitatem,
398 2506 531 2574 exquibus
546 2505 743 2575 quadringentos
756 2505 888 2559 nobiliores
903 2505 926 2556 be
940 2502 1042 2557 ditiores
1057 2501 1181 2568 utriusque
1194 2501 1266 2553 sexus

243 2582 275 2634 ad
288 2583 485 2652 redemptionem
498 2586 653 2654 oaptivorum
666 2586 765 2638 suorum
780 2587 971 2651 reservaverunt,
985 2582 1045 2634 alios
1060 2598 1119 2634 uero
1132 2579 1267 2633 christiania

45 2679 119 2739 Olim,
131 2697 154 2740 p.
170 2680 231 2738 ¹4¹⁶
244 2661 415 2730 vendiderunt,
428 2665 536 2734 exceptis
548 2665 655 2735 parvulis
665 2682 728 2734 quot
738 2664 891 2718 Acconensrs
903 2664 1034 2733 episcopua
1045 2659 1189 2731 baptizarit,
1203 2673 1267 2728 quoa

244 2739 320 2794 etiarn
333 2742 438 2812 propriis
450 2742 560 2812 expensis
575 2743 635 2796 feeit
648 2743 770 2798 reservari.

45 2832 120 2890 Olim,
130 2849 152 2892 p.
170 2842 232 2890 ¹4¹9
279 2821 358 2874 Fadia
369 2822 403 2874 eil
416 2835 501 2874 autern
518 2823 603 2878 diritio
616 2823 725 2876 ciuitatis
738 2824 761 2875 be
775 2840 856 2876 rerum
873 2823 900 2874 in
911 2841 940 2876 ea
953 2823 1111 2876 inventarum
1128 2819 1268 2890 unicuique,

245 2899 380 2952 secundum
398 2903 466 2970 quod
485 2921 541 2955 eum
559 2904 677 2968 dedebat,
697 2905 764 2956 iuata
786 2902 968 2972 providentiam
982 2904 1006 2954 dt
1019 2901 1162 2971 sapientiam
1180 2901 1269 2954 discre-

245 2992 328 3030 torurn
347 2980 523 3034 deocommuni
543 2981 645 3034 consilio
664 2983 696 3034 ad
715 2985 763 3034 hoc
781 2983 923 3034 elefiurnm.
946 2983 1050 3034 Inventa
1066 2994 1151 3034 autem
1172 2982 1268 3034 suntin

245 3057 346 3112 civitate
360 3059 484 3126 vifluaiia,
504 3081 602 3126 aurum,
624 3075 768 3131 argentum,
787 3062 861 3133 panni
874 3062 952 3127 serici,
968 3059 1046 3113 vellet
1058 3061 1171 3132 pretiose,
1183 3064 1207 3114 dr
1219 3061 1270 3114 alia

246 3139 324 3190 multa
345 3139 509 3209 supellefiilia,
531 3143 554 3194 in
578 3143 740 3194 abundantia.
764 3145 804 3195 De
821 3142 938 3193 consensu
952 3141 1149 3210 peregrinorum,
1170 3141 1269 3211 legatus

244 3219 384 3273 dominium
397 3221 504 3273 civitatis
518 3239 575 3274 curn
589 3221 640 3274 eiur
654 3222 806 3292 pertinentiis
820 3221 851 3273 ad
865 3220 1050 3288 ampliationem
1062 3219 1133 3289 regni
1146 3220 1270 3292 lerosoly-

245 3299 335 3351 mitani
355 3300 407 3369 regi
425 3299 576 3354 Hierusalem
592 3302 697 3354 contulit
718 3302 902 3370 inperpetuum
916 3299 1094 3368 possidendum.
1115 3303 1171 3352 ileo
1183 3300 1269 3354 civitas

51 3391 157 3450 01ir.,p.
173 3401 214 3446 ¹4¹
219 3398 232 3447 5
246 3398 262 3432 a
276 3379 370 3434 Latinis
384 3381 407 3432 dr
421 3381 510 3436 Grec‘a
523 3381 604 3450 primo
624 3381 675 3434 suit
687 3381 791 3446 obsessa,
812 3382 855 3452 qui
877 3384 911 3434 ab
928 3399 958 3434 ea
970 3382 1129 3450 defecerunt,
1152 3381 1270 3433 deindea

24 3472 27 3480 ’
246 3461 341 3517 Latini·
354 3460 399 3513 sub
412 3461 555 3515 Amaurico
568 3480 627 3532 rege
640 3463 802 3526 Hierusalem,
815 3462 858 3532 qui
871 3480 920 3516 non
931 3461 1097 3532 profecerunt.
1111 3463 1166 3515 Hec
1178 3459 1269 3531 triplici

247 3541 280 3596 eli
292 3540 373 3594 ciufla
391 3558 472 3606 muro,
494 3543 600 3594 turribus
618 3542 729 3596 lateritiia
747 3543 830 3595 multis
846 3544 870 3595 dr
886 3542 983 3611 magnit
1006 3541 1140 3596 firmillime
1162 3541 1270 3606 riman,

247 3621 324 3676 clauis
336 3622 361 3672 δι
374 3621 528 3674 antemurale
540 3622 643 3694 Egypti.

53 3716 125 3776 orte,
137 3735 159 3778 p.
174 3729 234 3775 ¹4²0
282 3703 340 3755 Non
354 3699 432 3752 solum
442 3713 526 3754 autem
537 3701 612 3766 illam,
625 3702 665 3754 sed
675 3703 698 3754 br
709 3701 833 3756 civitatem
845 3701 966 3754 Thaneor
976 3718 1033 3754 cum
1044 3702 1124 3756 castro
1132 3701 1271 3768 adiacente,

247 3782 305 3834 otto
318 3793 396 3832 turres
411 3780 615 3850 inexpugnabiles
628 3781 745 3844 habente,
768 3797 817 3832 non
832 3780 930 3846 minori,
951 3792 979 3833 ut
992 3781 1092 3846 dicitur,
1112 3779 1232 3833 miraculo
1245 3780 1270 3832 in

247 3859 309 3914 selio
324 3859 398 3913 santii
418 3859 557 3913 Clementis
570 3859 695 3914 Dominus
710 3859 795 3912 nolitis
811 3859 921 3912 subiecit.
936 3861 1002 3911 Nam
1017 3860 1077 3912 milli
1091 3861 1145 3912 sunt
1157 3859 1271 3929 explora·
1284 3874 1312 3921 23
1325 3861 1385 3906 Nor.

247 3955 314 3994 toret
335 3939 359 3992 in
379 3941 498 3993 naviculis
517 3941 684 4011 perflagnum
699 3940 769 4009 quod
790 3958 804 3991 a
824 3939 944 3992 Damieta
966 3939 1121 4008 protenditur
1143 3941 1218 4009 usque
1238 3941 1270 3992 ad

247 4034 414 4073 memoratum
431 4019 546 4085 castrum,
565 4031 594 4072 ut
617 4020 706 4072 ilatum
724 4019 771 4071 loci
793 4019 925 4088 diligenter
937 4019 1101 4088 explorarent.
1128 4019 1178 4080 Qui
1193 4035 1271 4089 prope

247 4101 353 4154 castrum
364 4101 522 4166 accedentes,
539 4117 596 4152 cum
610 4101 689 4153 nullon
701 4099 725 4152 in
735 4100 787 4153 eius
801 4102 908 4153 rombus
921 4101 945 4153 de
959 4103 1033 4153 muris
1048 4101 1188 4154 defensores
1203 4100 1271 4152 vide·

247 4193 313 4246 rent,
327 4181 407 4253 ipsum
421 4182 526 4234 caiirutn
542 4181 704 4246 intrauerunt,
717 4181 844 4234 neminem
856 4182 921 4234 intur
937 4181 1093 4251 reperientes.
1108 4181 1270 4235 Habitatoret

247 4261 311 4328 eiua,
327 4262 415 4318 audita
430 4260 550 4331 captione
562 4260 689 4326 Daniete,
711 4262 789 4314 nimio
805 4273 898 4316 terrore
918 4262 1022 4332 perculsu
1039 4261 1166 4334 fugenrnt,
1185 4262 1271 4316 reliflo
