3650 5648
565 565 618 624 ιο
713 527 956 659 Testimouio
996 525 1038 616 in
1078 519 1225 654 Belgio
1246 519 1426 646 scriptu.

793 877 824 956 5.
850 876 1017 932 moturus
1041 874 1189 929 nurum
1213 872 1355 944 vaunis,

744 1031 832 1121 Gesta
849 1031 1028 1122 pontificum
1046 1027 1244 1121 laodienfium
1262 1034 1397 1102 (-1246).

555 1211 600 1282 [E.
614 1215 636 1280 J.
654 1209 841 1281 chapeavillus,
855 1210 927 1279 Gesta
935 1209 1022 1278 poetis.
1038 1206 1208 1274 leodiensium.
1225 1207 1325 1275 Leodij,
1340 1212 1416 1272 1⁶13,
1436 1206 1588 1280 in·4,t‚11.]

1064 1342 1083 1384 *

595 1487 735 1576 Quidam
754 1487 895 1571 magister
905 1484 1037 1550 Ioannes
1050 1487 1081 1548 in
1093 1485 1228 1568 partibus
1241 1483 1412 1564 Brabantie,
1427 1487 1458 1548 in
1467 1485 1586 1548 monas-
1599 1509 1623 1555 p·
1634 1505 1682 1554 ²54

553 1579 631 1639 terio
655 1578 694 1638 de
717 1575 838 1658 Oignes
860 1569 1038 1638 Leodiensrs
1060 1571 1210 1652 Diocesrs,
1230 1570 1285 1634 ista
1303 1593 1386 1635 nunc
1400 1574 1475 1635 hora
1488 1573 1583 1636 obiit:

553 1661 584 1724 de
597 1662 672 1726 ficut
693 1665 725 1726 in
745 1663 808 1726 vita
826 1661 943 1744 semper
965 1662 1048 1725 circa
1071 1660 1200 1724 afflidlos
1215 1659 1245 1722 δι
1261 1681 1409 1744 pauperes
1430 1663 1497 1743 pius
1518 1662 1585 1740 fuit,

553 1755 596 1814 ita
609 1750 639 1813 δι
654 1774 746 1830 nunc,
760 1773 832 1815 cum
848 1751 915 1834 post
928 1767 1060 1814 mortem
1075 1765 1145 1814 ante
1160 1748 1264 1813 locum
1279 1751 1457 1834 purgatorij,
1474 1752 1506 1814 in
1521 1773 1584 1833 quo

552 1861 624 1901 curn
649 1841 864 1904 innumerabili
886 1840 1084 1904 multitudine
1108 1839 1274 1930 detinebar,
1297 1839 1363 1904 eius
1387 1838 1459 1902 felix
1483 1841 1586 1902 anima

553 1926 728 2008 deferretur,
749 1929 907 1992 &ibidem
928 1928 1043 1992 multos
1057 1927 1297 2012 recognosceret,
1321 1949 1454 2010 quorum
1476 1929 1585 1992 audior

552 2015 653 2081 salutis
668 2019 820 2096 extiterat,
835 2017 948 2101 pietate
962 2032 1138 2080 commotus
1153 2037 1210 2100 pto
1223 2017 1268 2080 eis
1283 2015 1458 2099 suppliciter
1470 2016 1585 2078 Domi-

551 2125 625 2168 num
646 2107 794 2185 exoravit,
817 2123 852 2169 ut
874 2128 892 2168 a
916 2127 994 2188 pena
1008 2104 1173 2190 purgatorij
1197 2103 1394 2168 solverentur.
1409 2104 1479 2168 Nec
1496 2125 1585 2168 mora

550 2195 710 2257 exauditus
732 2219 750 2259 a
772 2193 925 2274 Domino,
944 2194 974 2257 ἃ
996 2215 1059 2258 ιιοιι
1082 2209 1201 2256 tantum
1222 2213 1277 2276 pro
1292 2193 1362 2272 illis,
1382 2193 1493 2277 quibus
1513 2214 1584 2257 ora-

549 2299 642 2360 verat,
666 2305 774 2348 verum
797 2286 889 2346 etiam
913 2304 967 2364 pro
995 2302 1045 2344 me
1066 2281 1096 2344 δι
1117 2281 1221 2345 multis
1243 2281 1298 2345 alis
1319 2282 1350 2344 in
1372 2282 1488 2347 coelum
1509 2303 1583 2345 cum

551 2372 686 2434 maxima
706 2373 804 2456 gloria
823 2371 866 2434 est
887 2385 1038 2453 receptus.
1062 2370 1120 2434 His
1139 2371 1229 2434 dietis
1243 2371 1346 2433 anima
1358 2371 1396 2433 ab
1411 2369 1509 2434 oculis
1523 2371 1583 2432 mi·

550 2462 644 2523 rantis
666 2462 798 2523 evanuit.
822 2457 889 2543 Ipse
914 2480 986 2521 vero
1009 2459 1190 2541 predicator,
1213 2459 1244 2522 in
1266 2458 1462 2523 transmarina
1482 2457 1582 2522 statim

550 2547 668 2611 diredlo
690 2550 804 2612 nuncio
826 2569 898 2611 cum
920 2547 1026 2628 literis,
1049 2544 1125 2610 srcut
1146 2549 1247 2611 anima
1273 2568 1327 2631 pro
1349 2545 1432 2631 signo
1446 2547 1581 2626 dederat,

548 2636 633 2698 diem
647 2637 817 2720 horamque
832 2635 924 2700 sanffl
939 2636 994 2698 viri
1009 2637 1169 2721 migrantis
1183 2636 1310 2700 invenit.

660 2957 692 3032 6.
726 2963 815 3053 Gesta
841 2963 977 3032 addonem
1003 2962 1075 3032 orn·
1098 2963 1131 3031 S.
1158 2963 1460 3043 cidariu-1259).

959 3135 982 3172 ο,
996 3119 1091 3185 ιιιιιι,
1103 3126 1134 3170 ιο
1149 3123 1172 3171 r.

699 3245 762 3318 [Ed.
779 3248 817 3301 A.
830 3251 879 3303 W.
893 3249 1054 3320 Wybrands,
1068 3249 1234 3315 Leuwarden,
1251 3255 1326 3316 1879,
1340 3247 1421 3320 in·8.]

1055 3374 1074 3416 1⁸

583 3513 618 3577 ln
648 3515 722 3578 villa
748 3538 809 3599 que
822 3516 1068 3582 Westerbintum
1095 3519 1284 3598 nominatur,
1311 3519 1434 3582 cuidam
1462 3523 1575 3604 iuveni,
1588 3547 1657 3595 Μο

548 3598 670 3666 Iaricho
685 3607 821 3686 nomine,
842 3607 901 3672 tale
924 3610 997 3692 quid
1013 3610 1125 3686 evenit,
1140 3624 1173 3672 ut
1187 3611 1265 3672 inter
1283 3609 1429 3674 miracula
1441 3613 1497 3675 viri
1513 3611 1574 3676 Dei

548 3689 678 3755 scribere
700 3693 916 3777 complaceret
940 3694 1000 3760 Illo
1016 3698 1210 3781 intempore,
1230 3720 1294 3780 quo
1309 3699 1449 3782 magister
1464 3701 1575 3767 Olive-

548 3779 609 3842 rius
624 3802 749 3845 crucem
765 3784 794 3846 in
807 3781 832 3846 F
833 3782 899 3847 rista
913 3787 1091 3868 predicavit,
1106 3785 1272 3850 infirmatus
1287 3787 1329 3850 est
1343 3789 1475 3871 prefatus
1490 3791 1575 3853 iuve-

545 3867 592 3932 nis
614 3869 646 3931 in
668 3885 796 3950 tantum,
820 3888 854 3935 ut
867 3895 885 3936 a
899 3873 956 3938 suis
970 3874 1186 3959 desperaretur.
1207 3873 1232 3938 F
1234 3874 1337 3938 lebant
1350 3891 1452 3940 autem
1467 3900 1574 3944 omnes

544 3958 609 4019 noti
625 3957 759 4022 &amici
779 3960 843 4023 eius
865 3961 895 4024 δι
918 3963 1051 4026 maxime
1075 3985 1153 4028 uxor
1173 3964 1238 4028 eius
1263 3965 1434 4046 iuvencula
1458 3966 1576 4031 calum·

543 4043 663 4108 niantes
691 4048 797 4110 mortis
825 4049 1104 4133 intemperantiam,
1131 4054 1214 4138 quod
1243 4052 1410 4118 succideret
1433 4053 1574 4118 floridam

544 4131 611 4194 eius
625 4133 825 4214 iuventutem,
839 4159 900 4219 que
914 4140 1010 4223 magis
1020 4138 1120 4203 adhuc
1135 4141 1326 4205 incremento
1340 4162 1433 4224 quam
1448 4141 1574 4205 maturi·

544 4235 605 4284 tate
618 4222 778 4304 gaudebat
802 4221 870 4308 Ipse
891 4249 1017 4311 quoque
1039 4228 1156 4294 iuvenis
1171 4229 1251 4313 quast
1266 4228 1345 4292 male
1359 4229 1411 4294 fibi
1426 4230 1574 4310 conscius
