3656 5648
409 586 483 679 73.
520 555 753 648 Vincentius
784 513 1098 686 Boiiovocenfis.
1185 591 1256 650 101

243 816 302 890 quia
313 817 338 871 in
352 819 568 888 campolongo&
580 815 634 870 lato
645 816 689 887 qui
701 817 831 870 interiacet
846 817 970 870 montania
986 817 1058 871 castri
1069 818 1141 872 huius
1154 837 1185 874 ae
1194 837 1268 874 mott-
1282 823 1340 872 tart

243 898 275 951 tia
289 897 407 964 Thabor,
420 914 467 950 nec
483 913 554 950 arare
568 913 614 950 nec
628 908 724 950 metere
736 896 818 950 secure
831 909 947 966 poterant
963 910 1065 968 propter
1086 912 1182 952 metum
1196 900 1268 954 habi-

243 978 352 1032 tandum
368 977 394 1030 itt
407 994 447 1031 eo.

258 1261 263 1268 .
348 1191 396 1273 83.
418 1190 466 1252 De
479 1190 668 1252 exercitatione
683 1189 875 1276 Colonienstum
890 1189 1050 1276 adſsgnum
1063 1195 1160 1256 crucis.

278 1394 360 1447 Anno
371 1393 452 1464 gratie
467 1399 532 1446 1218
546 1393 627 1445 mense
641 1390 739 1445 Martio
751 1392 877 1463 applicare
889 1405 1008 1462 ceperunt
1017 1394 1049 1447 ad
1059 1406 1161 1465 portum
1171 1396 1266 1450 Acitott

244 1491 356 1544 cogonea
368 1492 399 1526 ex
413 1473 541 1543 provincia
554 1471 692 1526 Colonienfi
716 1491 772 1525 cum
787 1473 841 1525 aliie
855 1473 950 1542 paucis.
971 1473 1072 1526 Tamen
1091 1475 1123 1527 de
1141 1477 1267 1529 Bremenfi

244 1557 268 1609 dt
281 1553 429 1607 Trererenfi
443 1552 574 1622 provinciis
589 1551 697 1605 excitata
709 1551 755 1605 fuit
770 1553 897 1622 provincia
910 1553 1063 1606 Colonieniia
1076 1555 1110 1606 ad
1119 1555 1267 1625 obsequium

13 1637 74 1698 ffifl.
85 1637 230 1698 erim.,111,
245 1633 377 1688 Seiratoris
386 1651 430 1702 per
440 1632 516 1702 signa,
525 1650 574 1702 que
583 1645 750 1701 apparuerunt
761 1633 785 1684 in
795 1633 856 1685 celo.
870 1633 937 1685 Nam
946 1633 971 1684 itt
982 1633 1111 1703 provincia
1125 1635 1267 1689 Colonienst

89 1713 164 1760 rapa.

243 1713 369 1768 &diocesi
383 1711 570 1766 Monaderienst
591 1713 615 1764 in
631 1711 687 1764 viiia
707 1713 795 1765 Bedon
814 1711 897 1777 Frifie,
913 1713 994 1765 mense
1012 1713 1088 1766 Maio
1103 1719 1118 1766 6
1135 1715 1196 1766 seria
1209 1729 1267 1769 ante
1280 1727 1330 1775 lun.
1346 1741 1356 1775 1

244 1794 443 1854 Penthecostem,
455 1809 512 1845 cum
527 1791 695 1863 prediceretur
708 1808 769 1844 crux
781 1793 886 1857 ibidem,
899 1793 991 1862 triplex
1004 1793 1085 1846 sotma
1097 1794 1176 1847 crucis
1190 1813 1268 1866 appa-

244 1875 292 1927 ruit
305 1875 329 1926 in
340 1877 410 1926 aere:
423 1890 474 1924 una
482 1871 590 1924 candida
598 1872 681 1924 versus
690 1872 856 1940 Aquilonem,
866 1873 914 1924 alia
925 1874 1006 1925 versut
1020 1874 1147 1926 meridiem
1158 1875 1266 1928 eiusdem

243 1949 334 2004 coloris
356 1951 381 2002 dc
398 1949 537 2016 schematis,
555 1950 627 2002 tertia
647 1967 707 2003 veto
724 1951 808 2002 medio
827 1951 914 2004 colore
932 1951 1053 2014 colorata,
1073 1953 1168 2004 habens
1188 1954 1267 2006 crucia

244 2029 394 2099 patibulum,
410 2031 434 2082 δι
448 2029 555 2098 figuram
564 2029 671 2082 hominis
681 2029 705 2080 in
717 2046 748 2080 eo
758 2030 895 2100 suspensam
905 2030 1006 2083 elevatio
1016 2031 1122 2084 brachiis
1132 2033 1155 2084 dt
1165 2030 1268 2084 extensa

243 2124 302 2161 cum
316 2107 433 2161 infixione
446 2111 573 2162 clavorum
586 2109 610 2160 in
631 2111 745 2162 manitus
764 2113 788 2162 δι
802 2110 917 2179 pedibus,
930 2111 954 2160 δι
967 2110 1049 2180 capite
1067 2110 1194 2165 inclinato.
1212 2114 1268 2165 Hec

243 2188 326 2241 media
340 2187 386 2240 suit
401 2189 465 2241 inter
476 2189 536 2241 aliar
549 2191 620 2255 duas,
638 2189 662 2241 in
680 2189 772 2258 quibua
792 2206 842 2242 non
856 2201 909 2242 erat
922 2189 1015 2260 effigiet
1028 2191 1129 2243 humani
1145 2190 1266 2260 corporis.

243 2267 306 2320 Alia
320 2267 373 2320 tice
385 2270 408 2320 dt
422 2267 470 2320 aiio
482 2267 540 2320 ioco
552 2268 644 2320 incilia
662 2268 736 2321 Friste
748 2269 789 2321 seu
801 2269 951 2322 Theucusen
967 2282 1080 2338 tempore
1092 2269 1268 2340 predicationis

244 2347 334 2416 crucia,
355 2347 469 2417 apparuit
485 2347 553 2400 iuxta
571 2348 646 2400 soiem
665 2365 727 2400 crux
746 2348 836 2400 cerulei
857 2349 957 2413 coloris,
973 2350 1037 2401 hanc
1055 2348 1170 2402 viderunt
1187 2350 1268 2420 piurea

243 2445 319 2496 quam
332 2427 449 2498 priorem.
471 2427 562 2480 Tertia
574 2427 621 2480 suit
633 2427 756 2498 apparitio
770 2427 794 2480 in
808 2428 897 2480 diocesi
911 2428 1064 2481 Traiedienst
1079 2429 1105 2481 in
1122 2429 1180 2482 vilia
1194 2432 1268 2482 Doc-

243 2515 307 2569 tum,
319 2504 403 2574 inqua
418 2510 505 2560 beatur
515 2506 659 2560 Bonifatius
670 2519 805 2559 coronatur
814 2506 860 2559 fuit
872 2509 1002 2578 martyrio,
1015 2507 1058 2560 ubi
1072 2507 1097 2560 in
1109 2507 1151 2560 die
1160 2507 1268 2560 eiusdem
1282 2517 1331 2564 lun.
1341 2531 1353 2578 ς

244 2585 360 2656 martyris
378 2602 435 2638 oum
450 2586 530 2638 muita
542 2585 608 2637 milia
621 2583 792 2638 conveniffent
804 2585 837 2636 ad
851 2585 986 2638 videndam
1001 2586 1140 2650 stationem,
1155 2586 1269 2655 apperuit

243 2681 305 2717 crux
323 2665 371 2716 alia
393 2682 495 2734 magna,
515 2665 562 2718 acfi
585 2667 654 2718 trabe
673 2683 703 2718 ex
725 2665 829 2717 adverso
852 2665 930 2718 trabis
954 2664 1116 2718 artificialiter
1134 2665 1271 2735 composita

243 2743 335 2797 ittifl'et.
361 2747 421 2798 Hoc
442 2744 537 2814 signum
557 2745 664 2797 vidimus
690 2761 784 2797 omnes.
814 2746 970 2797 Movebatur
986 2741 1074 2797 'autem
1097 2745 1219 2815 paulatim
1238 2748 1272 2798 ab

244 2823 374 2894 Aquilone
385 2826 418 2876 ad
432 2824 578 2878 Meridiem.
592 2823 723 2878 Credimus
736 2837 820 2877 autem
834 2824 897 2876 duat
913 2824 1081 2895 apparitiones
1090 2825 1271 2878 demonstratae

244 2921 260 2956 a
272 2907 340 2968 Deo,
355 2915 382 2956 ut
391 2904 473 2956 omnia
485 2903 638 2974 ambiguitas
652 2905 732 2974 prime
745 2903 842 2957 visionis
855 2904 982 2958 tolleretur
995 2922 1011 2956 a
1026 2905 1147 2974 principio
1160 2907 1271 2974 predica·

244 2983 317 3036 tionis
331 2983 419 3037 crucia.
442 2984 578 3036 Provincia
593 2982 746 3039 Colonienfia
761 3001 855 3054 magno
876 2984 955 3037 nudie
969 2983 1081 3054 piurimis
1095 2984 1170 3037 etiam
1189 2986 1271 3056 sump-

242 3064 311 3118 tibua
325 3063 377 3118 sere
389 3075 513 3118 trecentae
522 3081 598 3118 navet
612 3064 764 3134 preparavit,
776 3081 883 3133 quarum
895 3064 1004 3134 quedam
1019 3066 1197 3131 remanserunt,
1211 3082 1271 3135 que·

242 3145 303 3197 dam
317 3145 342 3197 in
357 3145 503 3214 tempestate
516 3143 648 3214 perierunt
665 3144 743 3196 Tunc
756 3143 884 3196 firmatum
905 3143 952 3196 fuit
971 3143 1104 3197 concilium
1122 3145 1148 3197 in
1166 3143 1271 3198 concilio

242 3225 400 3278 Laterauensr
424 3243 481 3278 cum
499 3224 603 3278 domino
620 3241 686 3294 papa
699 3224 847 3277 Innocentio
867 3223 981 3276 habitum
1001 3226 1086 3278 Rome
1101 3225 1133 3276 de
1147 3224 1271 3276 intromit-

242 3305 319 3359 tenda
333 3304 420 3358 militia
433 3304 565 3358 christiana
578 3304 602 3355 in
616 3316 707 3356 terram
723 3304 828 3375 Egypti.

341 3497 387 3578 84.
416 3496 464 3558 De
474 3495 641 3579 prosciiione
651 3496 864 3578 peregrinorum
877 3511 973 3556 contra
990 3494 1169 3556 Damiutam.

133 3727 156 3772 p,
170 3707 231 3754 ηρ,
281 3691 374 3746 Mettse
384 3689 460 3761 igitur
480 3691 553 3744 Maio
571 3690 625 3759 posi
638 3689 818 3743 Ascenstonent
837 3689 951 3759 Domini,
969 3689 1106 3760 preparatis
1130 3689 1270 3759 ocgonibua
1282 3701 1338 3750 mi,

244 3771 355 3836 armatis,
368 3771 454 3841 galeis,
465 3772 489 3824 u
501 3771 553 3823 aliia
566 3771 684 3824 nautibus
696 3770 813 3836 oneratis,
827 3771 931 3840 profeiii
944 3771 999 3823 sunt
1011 3771 1044 3822 de
1056 3766 1151 3824 Achon
1164 3771 1270 3823 Ioannes
1281 3781 1291 3827 t

244 3869 288 3906 retr
301 3851 466 3916 Hiemsaiem,
478 3851 619 3921 patriarcha
632 3867 691 3903 cum
703 3850 822 3920 episcopis
835 3853 858 3903 tr
872 3850 938 3903 duce
949 3849 1052 3903 Ausitie
1064 3849 1143 3902 tribue
1152 3849 1270 3902 domibus
1287 3868 1288 3876 ¹

245 3931 379 4000 &copiosa
388 3931 547 3983 multitudine
556 3931 757 3998 christianorum,
770 3931 863 3984 indicia
883 3929 928 3983 suit
940 3930 1069 3999 navigatio
1081 3930 1149 4000 apud
1163 3930 1279 3982 castrum*

244 4011 287 4078 fiiij
301 4011 359 4076 Dei,
371 4011 440 4081 quod
453 4010 641 4081 peregrinorum
655 4011 755 4075 dicitur,
769 4012 810 4064 sed
830 4010 907 4063 flante
922 4013 1014 4075 Borea,
1029 4027 1088 4079 rege
1100 4009 1166 4062 duce
1179 4011 1203 4062 de
1217 4027 1271 4062 ma-

244 4090 325 4162 gistris
338 4091 472 4144 domorum
486 4092 519 4144 ad
533 4091 652 4144 indicium
666 4093 748 4144 locum
762 4091 927 4158 venientibus,
943 4090 1064 4144 exercitur
1081 4089 1187 4143 Domini
1203 4091 1271 4159 pros·

244 4170 309 4242 petia
321 4170 380 4224 veiis
400 4170 521 4240 processit,
542 4171 617 4223 tertio
634 4170 675 4223 die
692 4171 836 4240 perveniens
854 4171 888 4223 ad
900 4182 1000 4239 portum
1014 4169 1142 4235 Damiate,
1156 4171 1203 4224 ubi
1217 4187 1271 4223 mo-

245 4263 314 4304 ratur
326 4251 360 4303 eii
377 4267 421 4320 per
434 4251 549 4316 biduum,
563 4261 699 4320 antequam
712 4251 744 4302 ad
758 4263 848 4304 terram
866 4250 1035 4316 descenderet,
1049 4250 1105 4302 suot
1126 4250 1271 4320 capitaneos

245 4331 421 4402 exsped’nndo.
447 4331 540 4386 Presati
560 4342 645 4384 autent
662 4329 749 4399 duces,
773 4329 832 4401 quia
851 4329 976 4384 modicam
1000 4347 1097 4384 motam
1114 4330 1225 4384 iecerunt
1245 4331 1270 4384 itt
