3726 5628
447 587 522 673 77.
563 551 731 646 iiwmos
760 551 1102 683 Cantiprorensts.
1206 583 1281 675 ¹²3

266 837 377 880 norum
392 813 513 878 suorum
528 816 632 879 saltem
646 816 817 893 mobilium,
832 813 918 878 salvis
930 814 1147 878 hereditatibus
1156 815 1291 898 integris,

266 905 459 968 centesimam
474 920 591 989 partem
606 904 675 967 dare
688 904 793 967 velint.
815 905 897 969 Cum
918 903 1002 966 enim
1022 903 1133 966 laboris
1152 904 1209 967 iter
1232 901 1290 966 dis-

268 994 418 1074 plicuerit,
431 996 478 1056 vel
493 1010 577 1057 certe
591 993 746 1057 lucrorum
760 993 883 1056 suorum
896 992 1029 1055 viderint
1043 1008 1181 1075 tempora
1194 994 1288 1076 depe·

266 1083 334 1161 rire,
354 1098 487 1164 querunt
507 1082 750 1165 dispensationes,
771 1082 887 1165 legatos
909 1081 1010 1144 Roma
1030 1079 1223 1163 multiplicat,
1237 1083 1290 1165 qui

267 1191 330 1248 eos,
344 1169 475 1251 pecunia
485 1171 647 1249 mediante,
661 1168 855 1249 sanslificent,
871 1169 1039 1252 liberosque
1055 1191 1072 1230 a
1086 1169 1218 1252 peccatis
1237 1189 1291 1251 per

267 1257 380 1321 litteras
392 1258 653 1321 recommendent.
667 1256 754 1320 Bona
768 1256 974 1336 satistificatio,
988 1280 1048 1341 que
1064 1257 1203 1320 liberata
1218 1278 1290 1340 pec-

267 1346 350 1424 catis,
360 1347 440 1409 bone
455 1345 484 1409 &
499 1347 585 1409 beate
600 1344 707 1424 littere,
718 1367 778 1430 que
789 1346 817 1408 se
835 1344 969 1410 securam
990 1345 1021 1409 δι
1034 1346 1210 1408 mundatam
1225 1346 1290 1408 ani-

268 1454 349 1495 mam
363 1436 401 1496 ab
415 1435 499 1498 omni
513 1434 604 1517 culpa
617 1434 647 1498 st
662 1455 740 1518 pena
754 1435 898 1498 fecerunt.

734 1613 772 1666 N⁰
787 1630 829 1665 ra.

544 1733 662 1796 Crucem
667 1733 809 1823 strsssnent
820 1733 882 1794 vr'ri
895 1731 1023 1817 religiost.

175 1947 197 1992 v·
423 1898 687 2072 inim
701 1896 942 2069 mnne
964 1898 1293 2069 etnim

268 2098 384 2160 graves,
398 2073 548 2138 silentium
564 2097 660 2157 prope
671 2075 864 2153 continuum,
877 2074 991 2137 vestem
1013 2073 1146 2156 asperam
1168 2076 1295 2139 noetur-

268 2187 322 2228 nas
337 2163 454 2248 vigilias
468 2163 620 2242 sustinent,
638 2161 668 2225 δι
688 2165 718 2225 ἰη
737 2163 783 2224 his
805 2162 948 2225 omnibus
969 2162 1087 2225 vistum
1106 2180 1239 2244 tenuem,
1265 2164 1294 2227 δι

269 2255 320 2316 vix
342 2251 438 2314 ullum
460 2251 599 2314 solatium
623 2251 745 2331 habent,
765 2250 794 2313 δι
815 2267 916 2312 tamen
940 2250 1074 2313 necdum
1097 2267 1293 2334 peccatorum

269 2338 388 2402 suorum
405 2339 593 2423 indulgentie
607 2337 721 2401 litteras
736 2353 926 2419 acceperunt.
943 2338 1046 2401 Credo
1062 2338 1115 2399 tibi
1128 2335 1232 2418 Paule,
1246 2337 1293 2402 sed

269 2428 344 2492 &in
359 2426 541 2510 Apostolatu
556 2427 615 2490 tuis
630 2422 856 2504 successoribus,
871 2427 964 2487 credo
975 2425 1296 2508 tibi‚inquam,credo,

269 2517 322 2601 qui
340 2514 474 2578 veridico
496 2537 550 2578 ore
572 2513 692 2577 dixisti:
714 2513 797 2595 quod
820 2511 926 2575 reddet
952 2515 1118 2596 unicuique
1137 2512 1294 2579 Dominus

269 2605 432 2668 secundum
444 2603 529 2665 suum
541 2603 679 2666 laborem
690 2601 969 2685 (rCor.111‚13,14).
981 2601 1091 2664 Taceo
1104 2602 1142 2664 de
1153 2602 1293 2666 fratribus

270 2691 522 2768 Predicatoribus,
536 2692 589 2775 qui
601 2689 704 2753 studiis
718 2690 872 2752 continuis
887 2690 915 2752 δι
931 2689 1040 2773 vigiliis
1060 2692 1213 2770 macerati,
1231 2713 1294 2754 non

269 2783 414 2844 habentes
429 2781 460 2842 in
468 2801 588 2842 zonaes
598 2777 712 2862 (Marc.
721 2778 811 2857 v1,8),
819 2778 867 2839 sed
876 2779 1067 2842 membranas
1076 2779 1208 2842 maxime
1219 2777 1295 2842 Pau-

269 2870 290 2933 li
307 2868 496 2952 (aTim.1v,
513 2877 574 2952 13):
597 2889 659 2930 non
683 2867 713 2928 in
727 2867 814 2950 equis
829 2882 881 2928 aut
894 2866 1040 2944 curribus,
1062 2863 1110 2929 sed
1126 2866 1202 2932 seffis
1216 2883 1296 2932 artu-

270 2960 326 3022 bus
338 2958 367 3021 &
379 2958 506 3040 pedibus
520 2957 702 3040 gradientes,
717 2954 975 3038 predicationibus
991 2970 1083 3018 terras
1097 2957 1296 3019 circumeunt.

270 3047 327 3110 Sed
344 3046 381 3108 de
396 3046 538 3108 fratribus
553 3044 732 3109 Minoribus
746 3042 894 3126 quidnam
906 3044 1006 3105 dicam
1020 3043 1031 3104 ἓ
1047 3045 1099 3127 qui
1115 3045 1191 3106 duro
1203 3045 1295 3108 eiusli

271 3133 418 3213 funiculo,
439 3132 544 3196 &stne
558 3133 671 3195 amistu
686 3153 783 3215 cappe
799 3131 847 3193 vel
862 3131 957 3214 pallij,
973 3131 1070 3194 induti
1086 3133 1189 3195 tunica
1209 3133 1296 3216 super

271 3226 365 3301 nudo,
380 3223 506 3306 pedibus
521 3222 611 3284 nudis
626 3221 713 3304 supet
727 3221 830 3283 nivem
844 3221 987 3304 gelidam,
1003 3218 1085 3304 quast
1100 3221 1295 3303 superlanam

271 3311 476 3391 deambulant,
491 3310 641 3393 &panem
658 3309 743 3372 suum
763 3309 900 3392 quotidie
920 3307 1003 3392 quast
1024 3331 1172 3393 pauperes
1192 3330 1297 3372 emen·

271 3401 395 3465 dicant?
412 3399 511 3488 Quid,
522 3399 658 3483 inquam,
672 3399 772 3460 dicam
787 3397 825 3459 de
846 3397 979 3461 talibus?
994 3398 1024 3461 si
1039 3420 1102 3460 non
1117 3399 1209 3460 etiam
1224 3420 1295 3463 cum

271 3491 329 3569 bis,
342 3489 390 3552 vel
405 3487 492 3571 supra
507 3491 574 3565 hos,
588 3487 640 3569 qui
657 3509 712 3569 pro
728 3485 868 3566 modicis,
881 3486 929 3550 vel
950 3485 1042 3549 nullis
1063 3485 1227 3568 laboribus,
1247 3488 1295 3552 sed

272 3593 390 3641 tantum
398 3577 732 3660 pecuniapeccatorum
743 3573 865 3636 suorum
875 3574 1094 3657 indulgentiam
1103 3593 1297 3658 acceperunt,

273 3665 437 3730 secundum
452 3665 537 3728 suum
551 3663 688 3728 laborem
703 3664 935 3727 retributionem
951 3665 1059 3748 premij
1076 3661 1244 3727 sortientur.

739 3842 777 3894 Νο
795 3859 835 3908 13·

407 3975 455 4036 De
467 3995 547 4035 cruce
561 3972 666 4050 Christi
676 3975 710 4035 δέ
724 3971 866 4034 latronum
880 3970 1000 4033 auctoris
1014 3970 1168 4033 admonitio.

315 4143 461 4221 Noveris,
475 4139 573 4203 leslor
586 4137 763 4218 chariffime,
778 4138 860 4221 quod
874 4097 1011 4202 Christus
1024 4137 1299 4220 portavitcrucem,

277 4232 410 4317 portavit
424 4229 511 4308 latro,
524 4229 577 4312 qui
591 4227 729 4306 credidit,
744 4227 875 4309 portavit
889 4224 918 4288 δι
933 4225 994 4304 ille,
1008 4226 1060 4308 qui
1080 4247 1097 4287 a
1111 4225 1231 4289 sinistris
1245 4248 1299 4310 pe·

186 4355 207 4401 p
221 4351 265 4397 ιφ
277 4321 391 4406 pendit.
406 4317 463 4381 Sed
478 4319 525 4380 bis
538 4314 655 4380 diverso
669 4313 730 4378 fine
743 4314 919 4379 conclusum
932 4313 982 4377 esb
994 4313 1069 4377 Non
1084 4314 1224 4378 credis&
1238 4315 1298 4378 boc
