3726 5628
587 505 668 600 168
715 503 960 637 ‘testimonia
990 503 1032 598 in
1066 500 1289 600 Germania
1303 498 1487 628 scripto.

1027 863 1106 927 lV,c.
1123 880 1164 914 rr.

580 1019 629 1084 De
642 1016 753 1097 vetula,
765 1039 819 1102 que
828 1032 882 1102 per
901 1015 1029 1081 choream
1043 1017 1163 1080 verbum
1178 1015 1268 1084 crucis
1286 1039 1305 1077 a
1328 1011 1462 1098 magistro
1479 977 1608 1074 'Amida

625 1108 771 1194 prosettam
784 1107 973 1192 impudens&
983 1104 1209 1189 irridm,insra
1221 1103 1348 1168 triduum
1363 1101 1496 1186 desuem
1507 1099 1553 1184 est.

621 1291 704 1356 Cum
727 1288 799 1355 ellet
821 1291 903 1354 idem
926 1289 1083 1354 Arnoldus
1108 1288 1208 1372 pastor
1227 1290 1258 1351 in
1285 1286 1459 1370 Burgunde,
1482 1307 1543 1372 que
1567 1283 1610 1350 est

476 1378 526 1426 Μ·
537 1391 567 1440 ⁸9
581 1380 653 1444 villa
669 1380 816 1459 Duentie,
830 1379 861 1442 dt
878 1379 906 1442 in
922 1379 971 1442 die
987 1375 1208 1455 Apostolorum
1225 1376 1306 1464 Petri
1321 1375 1351 1438 dc
1365 1372 1463 1454 Pauli,
1476 1377 1542 1439 eius
1556 1397 1609 1460 pa·

581 1469 717 1533 rochiani
733 1469 886 1553 quendam
901 1467 1007 1530 ludum
1022 1487 1157 1530 annuum
1174 1465 1203 1529 in
1225 1463 1388 1530 choreis&
1409 1461 1531 1530 musicis
1551 1466 1610 1527 ins·

582 1557 744 1622 trumentis
759 1557 941 1635 recolerent,
956 1554 1017 1638 ipse
1033 1557 1092 1619 iam
1114 1554 1229 1618 habens
1245 1553 1421 1636 predicandi
1443 1553 1609 1618 auetorita-

581 1663 654 1726 tem‚
668 1667 740 1708 cum
764 1666 857 1710 cruce
875 1644 913 1708 ad
937 1645 1083 1706 choream
1109 1643 1237 1722 acceffit,
1250 1641 1281 1704 dt
1303 1658 1337 1704 ut
1360 1662 1378 1705 a
1401 1641 1474 1704 ludo
1495 1642 1609 1705 diaboli

581 1734 768 1812 recederent,
787 1753 894 1795 onmes
915 1731 1047 1810 monuit,
1059 1731 1177 1815 rogavit
1190 1731 1221 1794 dc
1233 1733 1378 1816 precepit
1394 1731 1461 1820 Qui
1483 1753 1554 1794 curn
1579 1733 1610 1795 in

581 1821 773 1886 eodemloco
789 1819 944 1906 predicare
966 1818 1100 1902 cepisset,
1110 1820 1235 1904 quidam
1256 1820 1435 1884 obedientes
1456 1821 1494 1885 ad
1510 1822 1613 1904 predi-

581 1914 736 1976 cationem
756 1911 822 1973 eius
839 1925 990 1972 venerunt
1003 1937 1012 1984 ;
1027 1908 1076 1992 alij
1099 1930 1172 1972 cum
1193 1909 1403 1992 indignatione
1424 1911 1613 1991 recedentes,

581 2014 688 2062 contra
726 1999 869 2061 choream
910 1995 1077 2072 steterunt;
1111 1997 1252 2068 nonnulli
1289 1999 1320 2061 in
1356 1997 1407 2062 sua
1448 2001 1613 2082 pertinacia

583 2089 819 2169 permanserunt.
848 2082 932 2149 Inter
962 2107 1040 2170 quos
1071 2103 1135 2149 erat
1163 2087 1266 2150 vetula
1293 2108 1356 2149 una
1381 2081 1471 2152 stulta
1497 2109 1534 2152 ac
1566 2091 1614 2156 su-

584 2176 684 2260 perba,
698 2197 759 2258 que
791 2175 912 2238 uotiens
924 2173 960 2236 ad
972 2173 1160 2237 sacerdotem
1173 2173 1303 2238 Domini
1314 2175 1346 2236 in
1358 2174 1470 2237 eborea
1479 2174 1613 2238 circum·

582 2263 686 2326 eundo
701 2197 836 2344 venih'et,
849 2278 958 2326 contra
981 2283 1053 2325 eum
1065 2261 1228 2345 respiciens
1247 2263 1399 2326 cantando
1414 2260 1613 2328 subsannavit.

584 2347 659 2440 Que
674 2351 750 2415 infra
775 2352 908 2416 triduum
935 2351 1033 2413 subito
1058 2349 1203 2414 defundia
1222 2350 1273 2414 ett
1297 2347 1405 2436 Quam
1429 2349 1475 2413 vir
1496 2349 1613 2416 sanetus

582 2438 622 2505 stc
636 2439 768 2520 deflevit,
781 2461 817 2504 ac
841 2439 860 2504 sr
885 2439 1026 2503 manibus
1040 2437 1097 2502 suis
1122 2437 1205 2500 illam
1220 2434 1411 2501 exstinxiffet.
1432 2435 1490 2502 Per
1504 2440 1613 2504 vitium

585 2528 721 2612 superbie
733 2529 846 2591 multos
861 2526 1001 2591 diabolus
1016 2542 1121 2590 tentat.
1137 2524 1230 2588 Unde
1251 2524 1433 2588 studendum
1456 2525 1499 2590 est
1511 2531 1613 2592 omni·

585 2617 652 2695 bus,
665 2619 798 2680 maxime
821 2617 967 2702 religiosrs
991 2614 1020 2677 δι
1035 2613 1254 2696 claustralibus,
1267 2631 1302 2677 ut
1315 2614 1354 2679 sic
1369 2613 1397 2680 se
1411 2615 1443 2680 iu
1457 2617 1568 2696 verbis,
1582 2619 1614 2682 in

584 2705 727 2788 gestibus,
745 2707 776 2768 in
791 2705 987 2786 vestimentis,
1001 2703 1031 2766 dc
1046 2704 1076 2766 in
1091 2705 1199 2768 ceteris
1218 2704 1372 2782 omnibus,
1385 2723 1446 2787 que
1469 2707 1506 2768 ad
1529 2708 1614 2770 usum
1674 2767 1680 2787 ,

584 2795 771 2858 exteriorem
795 2795 957 2880 pertinent,
971 2793 1145 2874 exhibeant,
1165 2814 1205 2856 ne
1218 2793 1299 2878 apud
1320 2789 1468 2856 seculares
1485 2793 1517 2858 in
1538 2796 1614 2860 vitio

585 2879 721 2964 superbie
735 2884 887 2948 notabiles
900 2883 983 2948 fiant

1044 3097 1074 3158 v,
1085 3109 1108 3146 c.
1122 3111 1164 3146 ar.

985 3241 1034 3304 Dr
1057 3241 1221 3304 demonibus.

628 3399 830 3484 Longanimis
845 3399 888 3463 est
903 3402 984 3463 enim
997 3399 1026 3464 δι
1038 3401 1155 3484 patiens
1171 3401 1314 3464 redditor.
1330 3399 1397 3488 Qui
1414 3398 1616 3464 Damiatanos
1629 3408 1650 3468 1,
1661 3425 1684 3470 a·
1697 3421 1742 3470 ³03

588 3488 655 3572 post
685 3489 844 3552 vidioriam
873 3511 911 3552 eo
940 3493 1021 3573 quod
1051 3487 1187 3551 crucifixi
1212 3487 1295 3551 collo
1322 3489 1394 3551 fune
1418 3487 1541 3572 alligata
1565 3507 1618 3570 per

588 3577 702 3661 plateas
713 3575 802 3640 illum
817 3593 980 3656 traxerunt,
1002 3578 1032 3640 in
1048 3577 1130 3640 collo
1145 3575 1174 3638 dt
1187 3578 1216 3639 in
1230 3593 1352 3661 gutture
1367 3592 1428 3639 trun
1444 3576 1617 3642 terribiliter

589 3665 719 3749 punivit,
732 3682 819 3751 puto,
833 3666 905 3751 quia
920 3667 972 3730 has
991 3665 1189 3749 blasphemias
1211 3666 1337 3728 minime
1354 3664 1555 3730 dissimulabit.

1038 3878 1097 3944 Vll,
1109 3894 1132 3930 c.
1146 3893 1169 3942 3.

730 4031 779 4096 De
789 4031 880 4118 plaga
894 4031 986 4120 Frrste
1000 4034 1031 4094 ob
1044 4031 1182 4096 iniuriam
1197 4031 1340 4096 Dominici
1351 4033 1481 4116 corporis.

517 4212 577 4262 tert
632 4194 729 4258 Parvo
752 4194 819 4277 post
842 4195 899 4257 hec
922 4194 1037 4257 emerso
1065 4209 1215 4277 tempore,
1242 4215 1323 4256 anno
1350 4193 1493 4258 videlicet
1522 4193 1618 4278 gratie
1631 4209 1720 4274 1143

591 4283 751 4350 millesimo
766 4281 974 4348 ducentesimo
988 4283 1110 4347 decimo
1124 4283 1247 4363 ottavo,
1259 4303 1343 4346 mare
1358 4283 1389 4346 in
1401 4283 1536 4366 partibus
1546 4281 1616 4348 Fri·
