3716 5628
571 567 660 660 230
696 537 801 666 Tefl.
827 536 869 627 in
891 536 1113 666 Hungoriu
1137 531 1175 626 Θ
1196 531 1412 626 Dalmatio
1421 533 1512 658 scr.

494 814 553 860 12¹7
567 812 668 860 totum
677 795 854 859 suburbium
868 795 905 858 ad
920 794 1086 878 hospitium
1097 793 1339 877 peregrinorum,
1353 808 1499 856 exeuntes
1513 793 1596 855 enim

566 888 604 949 de
620 884 762 947 domibus
773 883 833 947 illis
844 884 1001 967 expeditas
1015 884 1183 966 hospitibus
1195 881 1382 946 dimiserunt.
1402 881 1483 945 Mox
1493 897 1596 944 autem

566 975 609 1036 ita
615 971 773 1035 confestim
785 971 900 1054 replete
912 969 978 1033 sunt
989 971 1174 1049 hominibus,
1189 969 1219 1033 &
1230 971 1384 1049 iumentis,
1393 985 1427 1034 ut
1436 991 1499 1033 non
1512 985 1596 1053 pate-

566 1076 613 1124 ret
627 1061 727 1123 aditus
745 1058 925 1122 transeundi.
941 1058 998 1122 Sed
1016 1081 1079 1121 non
1096 1080 1149 1122 eos
1165 1058 1334 1122 suburbane
1355 1058 1465 1121 domus
1487 1079 1595 1141 capere

567 1163 744 1233 potuerunt,
761 1147 833 1210 licet
850 1147 1017 1226 constristi,
1042 1146 1252 1230 &constipati
1271 1163 1443 1210 manerent:
1467 1147 1597 1229 plurima

566 1259 638 1300 vero
660 1256 728 1320 pars
748 1236 842 1298 totius
860 1235 1024 1298 comitatus
1043 1235 1152 1318 regalis
1170 1237 1255 1298 curie
1274 1235 1449 1298 morabatur
1462 1253 1547 1298 extra
1565 1236 1596 1298 in

567 1325 705 1390 tentoriis
717 1345 921 1407 percampum
933 1323 1045 1386 diffusa.
1054 1324 1147 1388 Cives
1159 1345 1233 1386 vero
1244 1323 1294 1407 alij
1305 1324 1465 1406 pavebant,
1477 1323 1526 1407 alij
1538 1325 1596 1386 mi·

566 1414 709 1478 rabantur
720 1412 927 1476 inconsuetam
939 1412 1143 1476 multitudinis
1151 1412 1354 1498 frequentiam
1365 1415 1527 1476 intuentes.
1535 1409 1596 1476 lta·

451 1513 512 1572 nug.
523 1523 552 1572 23
567 1524 627 1588 que
641 1523 722 1565 anno
737 1502 956 1582 redemptionis
967 1501 1068 1564 nostre
1081 1497 1291 1580 MCCXVll,
1306 1500 1398 1563 mens.
1415 1502 1495 1584 Aug.
1511 1501 1596 1585 xxiij.

567 1592 627 1671 die,
641 1591 764 1653 advenit
778 1589 918 1652 Andreas
932 1611 984 1652 rex
999 1591 1036 1651 ad
1051 1590 1206 1652 civitatem
1218 1588 1432 1672 spalatensem.
1448 1585 1597 1652 Exierunt

566 1695 668 1742 autern
694 1677 949 1760 proceffionaliter
974 1678 1097 1740 obviam
1121 1677 1249 1740 domino
1269 1678 1333 1761 regi
1355 1674 1485 1740 univerfi
1504 1678 1596 1756 cives,

566 1765 731 1849 omnesque
746 1765 885 1845 forenses,
900 1782 1025 1850 totaque
1041 1767 1129 1829 turba
1143 1765 1184 1828 sui
1201 1765 1350 1828 exercitus
1366 1764 1469 1828 laudes
1484 1766 1511 1827 ei
1526 1764 1596 1828 altis

565 1855 693 1919 vocibus
707 1869 935 1937 concrepantes.
951 1853 1075 1918 Deinde
1089 1854 1189 1918 clerus
1203 1856 1304 1917 omnis
1318 1852 1495 1917 holosericis
1509 1853 1597 1936 super

565 1958 704 2026 comptas
726 1942 823 2004 induti
839 1942 971 2006 vestibus
993 1965 1065 2006 cum
1079 1944 1233 2021 crucibus,
1257 1941 1467 2007 &thuribulis
1485 1963 1594 2026 proce·

565 2034 670 2096 dentes
690 2030 783 2115 usque
805 2031 982 2113 posturium,
1009 2047 1099 2114 proiit
1118 2031 1201 2114 regie
1222 2028 1447 2113 magnificentie
1468 2030 1596 2113 dignuin

564 2137 628 2184 erat
642 2125 752 2203 pariter
772 2117 988 2183 concinebant.
1008 2117 1076 2202 Ipse
1090 2141 1162 2183 vero
1177 2119 1300 2182 illustris
1314 2140 1378 2198 rex,
1392 2117 1454 2180 viso
1477 2119 1595 2202 proces-

564 2203 654 2269 sionis
679 2223 748 2270 cetu
774 2206 911 2288 solemni,
944 2207 1043 2270 statim
1067 2206 1223 2270 descendit
1247 2207 1285 2268 de
1309 2228 1400 2290 equo,
1424 2226 1595 2289 magnaque

564 2295 687 2358 suorum
702 2297 877 2378 principum
887 2295 1015 2359 vallatus
1027 2310 1159 2374 caterva,
1173 2295 1346 2358 tenentibus
1357 2294 1511 2357 cumhinc
1523 2295 1595 2357 inde

563 2382 724 2466 episcopis,
734 2385 787 2468 qui
798 2400 1015 2462 convenerant,
1027 2384 1120 2466 pedes
1132 2383 1225 2468 usque
1237 2384 1272 2444 ad
1285 2382 1443 2445 ecclesiam
1453 2383 1481 2445 S.
1491 2381 1594 2445 Dom-

563 2472 605 2555 nij
622 2473 771 2554 proceffit.
794 2473 857 2536 Ubi
882 2471 1037 2536 celebrato
1056 2469 1210 2535 missarum
1235 2471 1347 2550 officio,
1371 2470 1401 2534 &
1425 2471 1495 2535 data
1508 2471 1594 2535 obla-

564 2561 648 2623 tione
664 2563 751 2644 super
771 2559 863 2625 altare
877 2561 914 2623 ad
929 2561 1093 2644 hospitium
1108 2559 1227 2624 seceffit.
1251 2559 1298 2624 Ea
1321 2561 1372 2622 die
1389 2561 1595 2624 communitas

563 2649 700 2712 exhibuit
714 2651 777 2731 regi
798 2650 1050 2712 affluentillimam
1075 2649 1379 2732 procurationem'in
1404 2648 1510 2728 domo,
1533 2671 1595 2732 que

432 2791 434 2798 ,
562 2737 673 2800 dicitur
683 2737 772 2801 Mata
782 2752 868 2801 extra
878 2760 983 2802 muros
995 2737 1195 2822 Aquilonaris
1208 2753 1304 2821 porte.
1313 2735 1484 2800 Dicebatur
1491 2754 1593 2800 autern

563 2841 636 2888 tunc
659 2823 743 2888 suill'e
764 2827 795 2889 in
814 2828 963 2889 comitatu
982 2827 1068 2910 regio
1092 2825 1251 2909 plusquam
1271 2827 1380 2889 decem
1395 2825 1491 2888 millia
1504 2827 1592 2910 equi-

562 2929 639 2993 tum,
662 2930 791 2996 excepta
805 2915 920 2998 vulgari
945 2913 1152 2994 multitudine,
1177 2935 1237 2996 que
1261 2935 1340 2997 pene
1365 2914 1592 2982 innumerabilis
1606 2945 1628 2990 p.
1641 2942 1689 2990 574

453 3065 454 3070 ,
562 3019 635 3066 erat.
660 3002 756 3065 Tunc
781 3025 834 3066 rex
859 3004 942 3087 cepit
965 3024 1108 3086 magnam
1137 3003 1356 3085 benignitatem
1385 3023 1457 3086 erga
1481 3003 1592 3086 Spalat.

561 3092 644 3154 cives
662 3091 832 3171 ostendere,
850 3092 935 3154 itaut
949 3092 1010 3175 ipse
1022 3091 1102 3153 ultra
1113 3107 1294 3174 provocaret
1308 3113 1361 3154 eos
1376 3093 1412 3153 ad
1425 3091 1591 3174 petendum

561 3179 627 3259 ase,
640 3179 724 3264 quod
740 3181 784 3244 eis
799 3180 835 3242 ad
847 3179 1006 3264 publicum
1020 3181 1143 3243 cederet
1156 3180 1369 3260 commodum,
1382 3179 1461 3244 velle
1476 3181 1592 3266 quippe

561 3271 640 3352 regis
661 3284 736 3347 erat,
760 3283 793 3332 ut
814 3267 852 3332 ad
867 3270 1025 3331 munimen
1044 3267 1175 3331 civitatis
1200 3267 1249 3330 sue
1264 3269 1438 3351 reciperent
1461 3269 1591 3332 castrum

561 3355 665 3437 Clisle,
688 3357 811 3422 volebat
834 3357 1036 3422 nihilominus
1059 3359 1103 3420 eis
1124 3356 1296 3420 concedere
1317 3359 1498 3420 comitatum
1513 3360 1591 3423 insu-

561 3447 669 3510 larum.
690 3446 748 3509 Sed
769 3446 956 3529 Spalatenses
974 3447 1026 3508 suo
1046 3467 1132 3508 more
1147 3446 1184 3507 ad
1200 3446 1323 3527 publica
1335 3445 1426 3510 nimis
1442 3449 1528 3527 tardi,
1553 3447 1589 3510 ad

561 3536 679 3618 privata
702 3535 867 3598 commoda
893 3532 999 3618 singuli
1026 3533 1233 3598 intendebant.
1260 3533 1420 3616 Neglestis
1441 3535 1590 3619 siquidem

560 3622 712 3705 regalibus
727 3621 891 3701 beneficiis,
906 3643 966 3705 que
980 3623 1024 3684 eis
1038 3621 1098 3703 pie,
1111 3620 1142 3684 δι
1155 3619 1321 3684 liberaliter
1334 3623 1525 3688 concedebat
1537 3645 1591 3688 rex

551 3711 684 3795 'proprio
696 3707 859 3774 clementie
873 3711 923 3774 sue
935 3726 1120 3793 provocatus
1135 3709 1245 3772 affesiu
1256 3709 1357 3772 noluit
1371 3711 1500 3774 cashum
1514 3713 1588 3776 illud

559 3800 754 3864 committere
769 3798 858 3862 alicui
874 3799 913 3862 de
928 3799 1122 3882 proceribus;
1136 3798 1230 3862 sciens
1244 3799 1316 3881 quia
1330 3799 1426 3862 multa
1440 3801 1590 3867 infestatio

559 3885 781 3971 spalatensibus
802 3911 840 3950 ex
861 3889 915 3952 illo
940 3887 1036 3950 castro
1052 3889 1208 3970 procedat,
1232 3887 1281 3951 sed
1297 3885 1439 3952 accersito
1454 3893 1590 3973 quodam

560 3976 682 4056 Pontio,
706 3978 758 4060 qui
780 3994 845 4040 erat
859 3976 997 4060 magister
1012 3976 1121 4040 militie
1142 3976 1253 4040 domus
1269 3978 1376 4060 templi
1392 3999 1446 4060 per
1460 4001 1589 4063 regnum

560 4065 708 4148 Ungarie,
737 4065 887 4130 commisit
911 4066 948 4129 ad
979 4085 1086 4129 manus
1115 4067 1180 4129 eius
1204 4065 1383 4147 custodiam,
1408 4067 1589 4132 &tutelam

559 4153 649 4238 ipsius
670 4153 754 4217 castri
771 4155 950 4237 precipiens,
971 4171 1005 4217 ut
1025 4155 1148 4217 vicissim
1167 4156 1270 4218 fratres
1291 4154 1341 4218 sue
1357 4155 1513 4240 religionis
1532 4158 1590 4220 ibi-

560 4243 631 4306 dem
656 4243 769 4306 saceret
791 4239 928 4306 insidere.
954 4243 1037 4306 Cum
1056 4259 1160 4305 autem
1174 4244 1313 4306 Andreas
1334 4265 1387 4306 rex
1401 4244 1589 4329 aliquantam

560 4353 679 4396 moram
699 4331 821 4412 faceret,
846 4331 1036 4415 preparando
1060 4333 1216 4414 navigium
1231 4331 1405 4396 Bernardus
1426 4334 1588 4419 archiepis-
