3656 5648
577 490 628 580 16
746 485 991 619 Testimonio
1012 489 1053 580 in
1076 486 1223 617 Belgio
1235 488 1419 615 scripto.

566 751 686 835 gheden
707 751 861 831 flammen,
876 753 953 815 ende
973 752 1116 816 smetense
1139 753 1197 815 mir
1217 752 1382 836 ssingheren
1398 774 1439 835 op
1454 751 1504 814 die
1517 750 1594 814 stad-

565 839 677 903 hwsen.
701 840 802 903 Aldus
823 857 904 904 wort
922 839 995 903 dues
1015 862 1071 903 een
1090 857 1195 924 groete
1215 842 1305 904 brant
1325 842 1356 904 in
1380 841 1433 903 der
1446 839 1508 903 stad
1519 868 1529 916 ;
1546 839 1594 902 die

565 943 650 1013 wynt
671 929 720 990 die
740 928 829 990 dreef
841 927 892 992 dat
915 951 992 991 vuer
1009 929 1066 1013 hyr
1088 930 1166 992 ende
1188 930 1270 1008 door,
1290 928 1370 992 alsoe
1390 928 1490 992 datter
1510 944 1595 1012 groet

566 1017 653 1078 brant
666 1015 854 1098 gheschiede.
871 1015 935 1080 Die
945 1017 1120 1080 stadlueden
1135 1017 1260 1080 worden
1276 1033 1429 1094 verveert3
1441 1015 1481 1079 sse
1495 1016 1593 1099 liepen

565 1103 706 1167 eendeels
720 1104 765 1166 int
778 1121 872 1168 water
885 1105 963 1167 ende
970 1097 1187 1184 ⁸verdrendten,
1202 1103 1370 1188 sommighe
1384 1107 1512 1168 worden
1526 1124 1594 1166 ver·

565 1194 654 1255 brant
667 1214 725 1254 von
740 1192 792 1255 dat
804 1209 893 1276 grote
907 1214 992 1271 vuer,
1006 1193 1174 1276 sommighe
1194 1194 1322 1256 worden
1342 1213 1398 1255 van
1421 1191 1481 1256 den
1504 1191 1595 1255 Kars-

565 1297 655 1344 tenen
668 1282 741 1344 doet
750 1281 983 1364 gheschlaghen,
993 1281 1161 1364 sommighe
1168 1282 1378 1365 ghevanghen.
1388 1279 1451 1344 Die
1460 1281 1596 1360 Vriesen,

565 1369 621 1432 mit
631 1371 722 1431 hoere
734 1391 906 1454 companen
919 1374 997 1433 ende
1007 1370 1165 1453 hulperen,
1175 1371 1330 1454 ghinghen
1342 1391 1399 1432 van
1415 1370 1474 1432 den
1490 1387 1596 1432 toerne

566 1458 595 1519 in
617 1457 672 1520 der
690 1458 764 1536 stad,
777 1460 856 1521 ende
875 1480 986 1521 namen
1010 1461 1086 1521 doer
1110 1476 1197 1542 groet
1216 1458 1297 1520 schat
1318 1461 1396 1521 ende
1417 1474 1500 1542 guet,
1519 1459 1596 1522 ende

563 1564 626 1609 wat
640 1545 710 1608 vole
725 1544 765 1608 sse
779 1547 961 1630 beereghen,
973 1548 1094 1631 ssoghen
1110 1543 1149 1608 sre
1165 1546 1247 1609 doet.
1257 1545 1314 1608 Als
1328 1543 1368 1608 sre
1383 1545 1596 1630 aldusdanighe

564 1635 643 1719 stoyt
656 1637 776 1698 hadden
791 1635 994 1717 ghewonnen,
1008 1658 1120 1698 namen
1133 1633 1172 1697 sre
1183 1637 1277 1698 hoere
1289 1635 1441 1697 anckeren
1453 1657 1505 1717 op,
1519 1636 1596 1696 ende

568 1723 618 1807 syn
633 1723 736 1786 weder
751 1724 781 1784 in
798 1725 849 1787 dat
864 1724 1014 1788 Karstene
1028 1727 1102 1787 heer
1116 1724 1287 1807 ghecomen
1302 1724 1359 1786 mit
1379 1740 1483 1806 groter
1498 1745 1596 1786 eeren.

467 1804 470 1814 ’
565 1811 625 1874 Dit
639 1811 703 1874 heic
718 1810 794 1876 God
810 1811 848 1895 by
863 1832 919 1874 ons
935 1811 1112 1874 oltuaderen
1128 1811 1286 1894 ghedaen3
1303 1811 1479 1874 daeromme
1493 1810 1596 1872 willon

563 1922 612 1983 wy
628 1899 711 1962 Hem
722 1899 818 1962 altoes
828 1901 980 1963 dienende
990 1901 1100 1980 wesen,
1110 1921 1163 1962 om
1175 1916 1205 1963 te
1216 1899 1404 1984 vercsyghen
1416 1901 1469 1962 dat
1479 1899 1597 1982 ewighe

565 1987 662 2051 leven.
679 1989 791 2050 Amen.

1001 2151 1159 2279 Verfio.

598 2345 671 2398 Nunc
693 2354 775 2398 auum
794 2341 956 2412 unusquisque
981 2343 1183 2410 animadvertat,
1202 2355 1297 2414 quanta
1319 2343 1443 2396 muiracula
1466 2343 1492 2396 in
1519 2341 1597 2410 Friſsa
1610 2359 1632 2405 p.
1646 2357 1693 2406 30²

564 2425 703 2479 evenerint.
725 2425 790 2477 Erat
808 2434 865 2476 acm*
876 2424 987 2492 tenrporis
1000 2424 1100 2478 Goioniae
1106 2425 1264 2494 scholasticus
1277 2425 1379 2494 quidam
1396 2425 1489 2477 nomine
1508 2423 1597 2476 Olive-

563 2507 627 2572 rius,
638 2505 680 2574 qui
693 2504 850 2574 virsoniius
862 2522 879 2555 a
888 2512 958 2573 papa
971 2514 1017 2572 per
1030 2521 1108 2558 onmes
1121 2505 1269 2574 episcopatus
1282 2505 1380 2572 diates
1394 2501 1522 2570 Coloniensi
1529 2503 1597 2569 sub-

563 2586 624 2638 ditos
637 2584 776 2638 concionari
787 2583 868 2650 iosus,
879 2583 905 2635 in
918 2582 1021 2650 Frs'ſsam
1035 2585 1109 2636 venit
1121 2584 1202 2654 ibique
1217 2587 1247 2636 de
1261 2586 1295 2636 vi
1309 2595 1382 2654 atque
1395 2586 1495 2637 virtute
1506 2585 1598 2635 Sanciae

563 2665 649 2720 Crucis
658 2663 799 2733 predicare
812 2662 885 2731 capit
895 2673 968 2731 atque
977 2664 1123 2728 mandavit,
1136 2675 1164 2716 ut
1171 2663 1332 2734 unusquisque
1344 2664 1370 2716 in
1382 2663 1445 2716 omni
1457 2663 1598 2730 discrimine

565 2747 593 2798 Μ
598 2743 706 2815 periculo
713 2743 783 2811 ſsgno
790 2742 869 2794 crucis
877 2742 907 2807 se
907 2741 1028 2812 signaret
1038 2745 1192 2812 Baptinabat
1200 2744 1295 2813 quidem
1307 2743 1449 2810 &faciebat
1456 2741 1599 2812 christianos

562 2841 605 2878 tter
623 2841 669 2876 non
686 2822 775 2874 multas
789 2834 874 2890 gereres
896 2825 934 2874 ad
950 2840 1043 2875 veram
1055 2826 1135 2892 fidem
1152 2825 1323 2890 convertebat,
1338 2826 1388 2890 sed
1405 2823 1443 2875 ilii
1459 2833 1534 2874 erant
1548 2832 1599 2874 tam

563 2902 634 2956 tardi
644 2903 673 2953 ὅ
677 2901 836 2971 pervicaces,
849 2911 876 2953 ut
889 2900 1021 2954 Oiiverius
1029 2903 1076 2970 spe
1087 2904 1184 2956 abicito
1195 2905 1290 2956 domum
1303 2904 1431 2955 rediturus
1443 2903 1504 2970 eset.
1516 2907 1600 2967 Quum

563 3001 628 3036 vero
639 2985 750 3052 quadarn
762 2981 885 3048 dieflaret
895 2983 926 3033 dc
934 2981 1027 3049 sancia
1041 2999 1113 3034 cruce
1124 2982 1273 3046 concionans,
1286 2999 1339 3035 ecce
1347 2980 1431 3052 statim
1447 2985 1503 3036 due
1516 2997 1600 3037 cruces

561 3080 645 3117 aureae
650 3061 822 3130 pulcherrima
830 3069 1004 3128 apparuerunt
1011 3071 1058 3130 per
1066 3065 1138 3126 aera,
1149 3063 1185 3114 ita
1196 3073 1223 3114 ut
1231 3063 1343 3130 populea,
1353 3062 1395 3130 qui
1402 3061 1600 3131 predicationem

561 3142 689 3204 audiebat,
705 3140 787 3195 valde
801 3141 948 3206 miraretur,
960 3140 1064 3209 plurimi
1079 3159 1144 3194 vero
1155 3140 1273 3208 sandiam
1293 3159 1388 3194 crucem
1401 3140 1522 3194 venerati
1536 3140 1600 3208 asu-

562 3233 660 3275 merent.
681 3219 800 3275 Nonnulli
812 3237 893 3274 eorum
906 3221 1089 3286 confitebantur,
1095 3220 1127 3290 se
1143 3221 1169 3274 in
1186 3239 1258 3274 cruce
1276 3221 1355 3289 Iesum
1369 3220 1490 3289 Christum
1500 3219 1600 3289 salvo·

561 3313 636 3356 torem
647 3302 751 3372 reoJirum
763 3299 863 3366 vidise,
872 3304 935 3369 quod
944 3303 1111 3370 confirmatum
1120 3300 1153 3369 esi
1162 3302 1195 3352 ab
1205 3301 1295 3352 abbate
1304 3299 1462 3368 Hristerbaci,
1471 3300 1515 3354 ioci
1524 3299 1600 3352 latiore

563 3381 643 3435 Vastis
655 3383 680 3432 S.
697 3380 763 3432 Petri
773 3379 869 3444 vocati,
882 3379 980 3447 pariter
993 3382 1026 3432 ab
1038 3379 1144 3447 eiusdem
1156 3392 1289 3432 conventus
1303 3380 1398 3445 leniore,
1410 3398 1484 3448 quum
1500 3391 1600 3448 uterque

556 3458 668 3532 sermoni
678 3457 793 3527 adfu‘ss'ct
805 3459 834 3509 ὅ
842 3467 927 3526 aperie
943 3462 1008 3512 duas
1022 3459 1079 3512 ilias
1092 3476 1176 3511 cruces
1187 3459 1350 3528 conspexss‘et,
1362 3471 1390 3512 ut
1403 3459 1470 3513 nobis
1483 3458 1521 3511 illi
1534 3469 1598 3511 retu·

562 3540 651 3604 lerunt,
671 3557 744 3607 quum
760 3549 906 3591 conventum
921 3539 1024 3607 monstrum
1041 3543 1071 3592 de
1094 3538 1224 3606 Ciarcamp
1243 3539 1269 3590 ire
1284 3539 1361 3606 Friſsa
1370 3537 1445 3607 stum
1458 3538 1598 3607 visitarent,

563 3620 601 3673 Sic
612 3621 679 3673 Deus
694 3617 855 3687 Omnipotens,
869 3617 911 3686 qui
918 3628 965 3687 pro
973 3636 1066 3687 genere
1077 3619 1183 3671 humano
1195 3629 1303 3672 mortuus
1310 3621 1410 3687 fuerat,
1421 3619 1454 3686 se
1465 3619 1531 3672 nobis
1544 3619 1598 3671 Fri·

555 3699 663 3768 sonibus
676 3697 820 3750 revelavit.

597 3777 710 3848 Legimus
723 3793 812 3847 quaque
831 3777 973 3845 inligentia
986 3777 1101 3844 Frisiaca,
1117 3776 1363 3846 iltumfilroiasiicum
1382 3777 1527 3832 oliverium
1540 3778 1597 3846 piu·

564 3857 638 3911 rimas
651 3858 772 3925 adficient
784 3859 878 3911 SanBae
891 3857 977 3910 Crucis
989 3857 1141 3924 convertise,
1155 3857 1285 3927 multosque
1290 3857 1388 3926 signum
1405 3860 1499 3912 Soada
1512 3857 1598 3910 Crucis

563 3935 711 4006 vestimentis
718 3935 776 4003 suis
789 3935 902 4003 affinise,
915 3938 1086 4003 undrsratres
1099 3935 1223 4005 crucigeri
1234 3937 1318 3989 exorti
1325 3936 1394 4004 stent.
1417 3937 1514 3990 Monuit
1525 3936 1599 3989 ettam

563 4017 624 4081 illos,
636 4028 664 4069 ut
673 4015 897 4084 peregrinarentur
907 4018 945 4068 ad
948 4014 1064 4084 sancium
1067 4013 1228 4085 sepulchrum
1236 4017 1318 4086 ibique
1325 4016 1352 4068 in
1361 4013 1454 4069 militiai
1460 4016 1510 4070 Dei
1520 4015 1599 4080 confli-

562 4095 619 4162 suti,
627 4106 674 4165 pro
687 4093 778 4162 Christo
792 4095 817 4147 in
830 4113 901 4147 cruce
912 4105 1005 4148 mortuo
1017 4095 1172 4148 dimicarent.
1194 4096 1247 4165 Ipso
1264 4096 1366 4148 meridie
1385 4097 1474 4164 rursus
1490 4096 1599 4180 pulchra

564 4178 592 4230 ὅ
600 4175 672 4230 clara
681 4172 745 4242 visto
757 4173 891 4243 apparuit:
902 4193 960 4228 nam
969 4183 1087 4243 peraera
1099 4176 1223 4227 exercitus
1237 4175 1321 4244 ingens
1332 4173 1435 4228 miiitum
1446 4188 1599 4228 armatorum

563 4255 712 4318 videbatur,
732 4251 775 4324 qui
792 4252 902 4321 Frisom
922 4253 1124 4323 alioquebantur:
1142 4257 1187 4306 «O
1206 4253 1256 4307 Dei
1271 4253 1357 4307 milites
1374 4257 1521 4324 reverendi,
1529 4253 1599 4336 Ᾱμο
