3656 5648
562 525 621 611 40
729 483 966 626 Testimonio
1000 493 1041 584 in
1074 482 1220 636 Belgio
1241 477 1422 614 scripio.

569 744 573 754 Ι
632 767 671 817 De
685 767 779 816 Grave
793 763 873 816 Flnris
878 763 954 832 flers!
965 763 992 814 in
1006 761 1102 830 Cyrien,
1115 761 1249 829 begravni

637 845 684 898 ‘Tot
696 844 852 908 Antiochien,
865 847 896 896 de
902 843 1067 912 strijlbaersse
1079 843 1124 894 der
1137 843 1257 905 Graven,

669 925 703 977 As
714 925 737 976 is
748 925 792 976 siet
803 925 876 976 dorre
890 923 1017 990 Iijsniacr
1023 923 1079 992 flos
1084 941 1114 974 eir
1126 921 1284 992 mekelsiijk,

675 1008 716 1056 Son
730 1003 823 1056 blinckt
835 1005 957 1056 nochtaus
969 1005 1000 1054 de
1014 1001 1069 1055 Ziel
1080 999 1127 1054 in't
1139 1000 1260 1069 eeuwi'gsi
1275 998 1433 1066 Hemesrijck.

1001 1221 1158 1346 Verfio.

600 1463 699 1516 Eodem
713 1463 764 1515 sere
783 1473 896 1530 tempore
910 1458 1053 1511 Fridericua
1073 1459 1209 1528 imperator
1226 1476 1241 1510 a
1257 1475 1322 1528 papa
1338 1457 1483 1511 admonitus
1503 1459 1594 1512 bellum

565 1558 653 1598 contra
667 1545 772 1595 Turcos
788 1557 876 1610 gerere
888 1538 1014 1591 constitnit
1027 1555 1107 1607 eaque
1120 1539 1152 1590 de
1165 1539 1238 1590 causa
1254 1537 1383 1591 Florentio
1397 1539 1483 1592 oomiti
1497 1539 1596 1610 scripsit,

566 1637 593 1677 ut
613 1623 732 1676 auxilium
754 1620 831 1673 ferret
847 1620 871 1671 bc
888 1635 945 1670 cum
968 1635 998 1670 eo
1021 1618 1046 1670 in
1062 1619 1172 1670 Terram
1192 1621 1370 1670 Saracenorum
1390 1618 1595 1688 proficisceretur3

567 1722 641 1774 quem
666 1719 745 1771 nepos
758 1700 887 1768 Philippus
910 1715 995 1750 conieii
1020 1697 1143 1750 Flandriae
1165 1697 1279 1749 comitari
1300 1698 1420 1750 debebat.
1445 1699 1595 1761 Florentius,

567 1783 637 1837 cuius
656 1799 711 1834 mos
731 1797 781 1832 non
802 1790 854 1830 erat
875 1777 898 1829 in
921 1777 963 1828 tali
984 1775 1124 1829 discrimine
1144 1777 1269 1841 recedere,
1288 1795 1345 1829 cum
1361 1777 1490 1831 Guilelmo
1512 1779 1597 1844 milite,

567 1863 687 1923 filiosuo,
707 1859 815 1931 patriam
831 1857 931 1927 reliquit
951 1857 984 1908 ad
997 1857 1160 1909 debellandos
1179 1860 1325 1922 Saracenos,
1346 1875 1427 1926 neque
1445 1877 1501 1912 raro
1517 1859 1598 1912 hostes

568 1943 702 2012 fugabant,
714 1957 795 2007 neque
805 1955 862 1989 raro
873 1937 946 1989 laude
957 1935 1055 1988 militari
1069 1937 1160 2006 dignos
1171 1937 1194 1988 se
1203 1938 1359 2004 prabebant.
1377 1939 1449 1989 Tum
1463 1939 1599 2008 imperator

569 2026 590 2077 F
592 2021 709 2076 ridericue
726 2032 785 2071 ante
799 2017 944 2072 Damiatam
958 2016 1067 2084 advenit,
1085 2018 1154 2070 cuiue
1168 2029 1245 2084 portie
1257 2017 1317 2069 Nilo
1327 2035 1421 2086 magno
1435 2018 1599 2072 alluebentur.

570 2106 635 2156 Haec
649 2101 708 2152 urbs
727 2099 802 2149 muris
817 2095 903 2149 validis
924 2125 955 2134 -
976 2095 1046 2148 cuius
1067 2097 1092 2148 iii
1110 2095 1241 2150 obsidione
1261 2114 1340 2149 annos
1358 2097 1450 2149 versari
1469 2115 1533 2168 opus
1552 2095 1600 2148 suit

569 2179 739 2234 obsidentibus
759 2205 791 2216 -
811 2176 950 2228 flumine&
973 2175 1043 2227 vallis
1064 2176 1158 2245 optime
1180 2175 1275 2228 munita
1294 2187 1360 2244 erat3
1384 2176 1524 2230 defensorea
1545 2193 1601 2246 per-

570 2259 669 2332 plurimi
689 2259 785 2310 inerant
809 2275 889 2324 neque
914 2256 982 2308 urbis
995 2268 1094 2324 portum
1115 2256 1209 2308 catenis
1222 2257 1376 2309 obslrudlum
1393 2257 1486 2310 intrare
1501 2257 1602 2324 licebat,

570 2342 605 2394 ita
620 2353 647 2393 ut
660 2337 717 2391 belli
732 2336 875 2407 peritissimi,
896 2335 955 2405 quid
978 2335 1120 2388 faciendum
1142 2335 1210 2400 esset,
1231 2335 1358 2390 nescirent.
1380 2338 1438 2388 Hoc
1458 2336 1602 2406 imperatori

571 2421 671 2490 eiusque
684 2417 800 2470 exercitui
814 2415 879 2468 male
892 2414 1018 2480 evenisset,
1032 2415 1071 2467 sed
1088 2416 1112 2468 in
1126 2433 1156 2468 eo
1174 2417 1274 2468 fuerunt
1288 2416 1471 2482 Harlemensea,
1488 2416 1602 2485 quicum

572 2501 650 2554 milite
663 2497 794 2552 Guilelmo
817 2496 865 2548 hoc
886 2513 1006 2566 magnum
1028 2495 1164 2564 periculum
1185 2495 1307 2548 subibant.
1328 2498 1426 2548 Navem
1444 2497 1509 2548 enim
1527 2515 1603 2566 gran·

571 2581 630 2633 dein
643 2595 674 2630 ac
684 2577 760 2630 latam
774 2576 986 2627 construebant&
1002 2575 1064 2626 serra
1077 2574 1156 2626 ferrea
1169 2576 1311 2640 armabant,
1323 2567 1404 2644 qure'a
1419 2575 1514 2627 summa
1528 2593 1604 2644 prore

574 2661 650 2730 usque
673 2657 706 2708 ad
730 2655 841 2708 infimam
861 2653 971 2706 carinam
994 2654 1169 2707 descendebat.
1195 2653 1282 2707 Multo
1302 2655 1354 2723 poll
1375 2655 1480 2707 navibus
1500 2655 1604 2707 venti&

574 2739 663 2791 lluclus
681 2736 705 2788 ri
718 2735 779 2788 aslis
795 2749 902 2800 catenae,
916 2735 1012 2786 civibus
1031 2734 1099 2786 urbis
1111 2733 1295 2804 ignorantibus,
1317 2734 1386 2788 serrae
1400 2735 1515 2787 dentibus
1529 2733 1605 2788 sciffae

576 2819 641 2882 sunt,
652 2834 683 2868 ac
696 2816 827 2885 permultae
841 2833 916 2866 naves
929 2818 1016 2867 urbem
1029 2815 1193 2866 intraverunt.
1210 2816 1268 2866 Hoc
1282 2815 1360 2866 modo
1374 2814 1513 2868 Fridericiis
1526 2813 1606 2883 impe-

574 2909 643 2948 rator
664 2896 697 2948 de
715 2895 844 2948 Damiata'
860 2893 1023 2964 triumphavit
1040 2895 1064 2946 de
1083 2892 1285 2946 Harlemenfibus
1303 2893 1402 2946 laudern
1424 2893 1527 2964 dignam
1545 2912 1606 2948 con-

575 2974 651 3039 cessit,
661 2993 718 3026 nani
732 2973 849 3044 clypeum
860 2973 928 3026 urbis
940 2973 1027 3044 gladio
1039 2988 1160 3042 argenteo
1171 2974 1277 3024 ornabat
1288 2973 1318 3024 ad
1332 2973 1477 3026 memoriam
1488 2971 1607 3038 vitione,

575 3071 652 3122 quam
676 3051 773 3105 civibus
797 3051 841 3104 illia
868 3052 988 3104 debebat.
1019 3053 1112 3103 Comes
1132 3053 1152 3103 F
1155 3051 1272 3104 lorentiua
1293 3051 1482 3105 bellicosissimus
1503 3050 1606 3104 obiitin

577 3133 685 3204 Syn'a&
703 3132 812 3202 sepultus
829 3133 863 3184 esi
878 3131 1040 3198 Antiochiae5
1059 3132 1092 3183 de
1112 3149 1164 3200 quo
1186 3131 1259 3184 rellat
1279 3131 1337 3184 nihil
1356 3132 1397 3184 nisi
1410 3131 1471 3200 ossa,
1491 3131 1606 3202 pulvis&

577 3213 667 3278 lutum,
682 3213 782 3266 animus
796 3225 880 3264 autem
895 3212 1005 3282 splendet
1018 3212 1042 3264 in
1057 3229 1137 3280 regno
1148 3211 1293 3266 aeternitatis
1306 3229 1336 3265 ac
1348 3211 1425 3265 coelia.

782 3507 839 3587 32.
868 3492 1018 3560 Clironico
1045 3489 1238 3586 Tornocenfis
1267 3502 1296 3570 (s.
1311 3503 1397 3568 xv1).

825 3707 876 3772 [De
888 3707 966 3770 Smet,
979 3711 1071 3776 Corpus
1084 3707 1167 3759 chron.
1183 3705 1316 3773 Flandriae,
1327 3709 1368 3772 lt]

1084 3893 1103 3935 ³8

622 4081 786 4164 Tempore
801 4079 852 4144 suo
869 4081 1013 4156 (Walteri
1030 4084 1164 4166 episcopi
1175 4079 1392 4166 Tornacensis)
1408 4085 1466 4147 suit
1480 4083 1611 4148 indietis
1625 4116 1648 4161 p.
1661 4111 1707 4160 570

583 4169 733 4254 generalis
746 4168 878 4236 accessus
890 4175 926 4234 ad
938 4172 982 4235 T.
994 4171 1033 4250 S.,
1047 4194 1119 4234 cum
1131 4171 1333 4256 indulgentiis
1344 4173 1505 4252 consuetis,
1519 4194 1612 4256 quem

585 4279 639 4344 pro
654 4259 682 4322 se
697 4261 827 4324 redemit
840 4263 878 4324 de
893 4258 924 4324 H
941 4261 1025 4324 libris
1040 4262 1151 4324 veteris
1166 4262 1289 4344 argenti.
