3656 5648
388 495 394 507 Ι
497 581 569 656 40.
605 546 828 640 Motehoeus
862 551 993 642 Puris.
1207 584 1258 674 57

237 855 379 942 Quomodo
385 857 524 943 soldanus
543 882 658 942 regnum
679 860 832 948 Ierusalem
851 862 948 924 obtulit
959 861 1123 947 christianis,
1142 864 1184 927 ita
1199 880 1229 926 ut
1242 890 1260 927 a

588 959 732 1022 Demiata
746 963 909 1024 recederent.

479 1120 656 1186 [Infresequitur
668 1125 721 1184 ling.
733 1123 758 1169 de
773 1125 909 1184 Wendower,
921 1127 935 1172 1
938 1129 965 1184 V,
978 1127 1023 1189 57.]

141 1273 165 1316 Ρ·
177 1268 222 1316 ²35
272 1273 342 1326 Licet
364 1273 440 1342 igitur
458 1273 507 1327 boc
527 1274 655 1328 confilium
675 1275 783 1326 multum
807 1275 889 1328 multis
909 1275 1056 1344 displiceret,
1078 1277 1151 1329 millis
1175 1289 1260 1330 tamen

135 1356 159 1400 Ρ·
177 1339 224 1399 ²3⁶
238 1354 343 1410 nunciis.
374 1355 507 1407 christiania
533 1354 623 1424 optulit
649 1372 733 1406 veram
761 1358 880 1421 Crucem,
910 1374 960 1425 que
983 1356 1042 1408 olim
1070 1375 1085 1408 a
1112 1357 1260 1410 salahadino

237 1447 311 1502 capta
338 1435 428 1498 fuerat,
452 1451 511 1487 cum
535 1433 639 1502 captivis
664 1435 789 1500 omnibus,
816 1434 859 1504 qui
884 1453 929 1504 per
953 1455 1057 1504 regnum
1085 1437 1212 1490 Babilonie
1236 1438 1259 1489 dc

237 1515 355 1568 Damasci
380 1514 429 1567 nini
455 1527 570 1584 poterant
599 1514 706 1584 reperiri,
728 1531 785 1566 cum
812 1515 950 1584 sumptibus
978 1516 1116 1570 necessariis
1137 1519 1169 1570 ad
1190 1535 1261 1586 repa-

239 1595 329 1647 randos
349 1613 432 1647 muros
445 1595 578 1647 Ierusalem
601 1597 622 1646 ἃ
643 1593 769 1661 ciuitatem
788 1594 813 1646 in
838 1595 926 1646 llatum
940 1597 1066 1663 prillinnm
1085 1599 1259 1650 reducendam.

239 1676 375 1752 Addens,
402 1701 414 1732 ι
432 1673 473 1737 Et
494 1673 551 1736 erit
577 1695 634 1754 pax
656 1673 742 1737 beata
765 1675 842 1736 inter
862 1696 918 1738 nos
933 1674 963 1738 δι
977 1697 1039 1752 eos,
1064 1691 1146 1739 tutus
1169 1675 1260 1737 inter-

240 1781 354 1828 meatus
370 1762 549 1840 institorum,
570 1762 751 1824 &omnium
767 1762 927 1825 hominum
942 1763 1027 1826 fedus
1041 1762 1071 1825 ἃ
1085 1763 1227 1826 amicitia.
1246 1787 1258 1818 a

239 1855 338 1922 Optulit
354 1854 450 1922 insuper
471 1853 581 1906 totaliter
605 1870 710 1920 regnum
735 1853 966 1919 lerosolimitanum,
991 1867 1072 1922 preter
1094 1856 1215 1908 Graccum
1237 1855 1259 1904 n

241 1935 506 2003 Montem-Regalem,
523 1951 568 2002 pro
582 1932 673 2000 quibus
686 1933 819 1985 retinendis
834 1933 955 1986 tributum
968 1933 1059 1986 obtulit
1075 1933 1175 2002 lingulis
1192 1933 1261 1986 annis

240 2013 289 2081 aij.
308 2013 373 2066 milia
393 2013 565 2074 bisanciorum,
585 2013 705 2080 quamdiu
725 2013 765 2065 illa
782 2025 884 2066 teneret
898 2016 959 2066 Sunt
971 2025 1055 2066 autem
1069 2013 1109 2066 illa
1119 2015 1170 2065 duo
1183 2015 1261 2066 castra

165 2150 167 2153 ,
239 2092 264 2144 in
285 2093 394 2156 Arabia,
417 2093 466 2160 ‚vij.
488 2093 633 2144 firmillimas
653 2093 802 2145 munitiones
821 2093 948 2158 habentia,
966 2112 1009 2163 per
1029 2113 1078 2163 que
1093 2093 1261 2163 negotiatores

241 2183 395 2242 paganorum
409 2176 430 2224 st
445 2173 568 2243 peregrini
590 2173 713 2225 Mecham
730 2175 861 2226 tendentes
874 2174 910 2226 vel
924 2175 957 2225 ab
970 2174 1010 2225 illa
1025 2173 1169 2226 recedentes
1184 2173 1261 2224 solent

241 2254 397 2306 transmeare.
422 2256 457 2305 Et
471 2255 519 2305 hoc
532 2252 663 2321 pollirlavit
679 2253 802 2318 soldanus,
821 2271 870 2306 non
884 2271 927 2322 per
947 2253 1076 2305 avaritiam
1091 2253 1130 2304 vel
1148 2252 1261 2305 astutiam

240 2332 295 2400 plus
307 2333 451 2402 pollidendi,
465 2333 504 2386 sed
519 2343 546 2385 ut
558 2331 743 2384 christianorum
764 2333 873 2386 crebrius
887 2345 1014 2402 expertam
1031 2332 1193 2403 cupiditatem
1207 2333 1261 2401 plus

241 2411 350 2464 habendi
362 2412 505 2477 relrenaret,
525 2413 548 2464 δι
568 2429 653 2464 eorum
670 2413 837 2481 poll‘etlionem
855 2415 944 2466 certius
958 2413 1086 2466 limitaret.
1104 2411 1170 2472 Quia
1183 2413 1262 2481 sepius

242 2491 312 2544 nobis
325 2511 430 2561 regnum
443 2491 510 2554 illud,
525 2492 680 2561 &quicquid
695 2493 756 2545 iuste
767 2493 891 2555 postulare
905 2493 1028 2556 sciremus,
1048 2491 1120 2544 nobis
1136 2490 1262 2545 Sarraceni

241 2573 415 2637 concederent,
429 2571 470 2624 nist
485 2571 629 2624 aviditatem
644 2573 750 2624 nollram
762 2573 815 2642 plus
829 2573 963 2643 possidendi
975 2572 1155 2642 &adquirendi
1168 2574 1264 2643 semper

243 2651 348 2722 amplius
362 2652 534 2705 formidarent.

345 2745 358 2778 e

282 2816 387 2880 Oritur
408 2817 591 2879 lamentabilis
612 2817 736 2902 distentio
754 2818 783 2878 in
805 2819 923 2880 exercitu
942 2816 1088 2902 christiano
1105 2831 1160 2900 pro
1180 2815 1232 2879 hoc

606 2913 724 3001 soldani
737 2915 896 2978 hnmilitate.

280 3085 353 3135 Hanc
365 3081 569 3151 compositionem
582 3081 761 3150 acceptabilem
776 3082 893 3135 &utilem
903 3081 950 3134 else
961 3081 1137 3135 Christianitati
1147 3099 1188 3134 rex
1197 3084 1277 3134 lem-t

243 3162 329 3228 salem,
341 3179 425 3215 comes
438 3161 577 3224 Cellrensts,
590 3164 614 3213 δι
631 3179 717 3214 omnes
733 3162 896 3231 Francigene,
915 3180 972 3214 cum
991 3161 1125 3231 capitaneis
1144 3145 1280 3245 Thetim-l

243 3241 356 3295 nieorum
369 3242 510 3294 constanter
522 3241 678 3294 consuerunt.
693 3243 746 3294 Nec
758 3241 807 3294 boc
820 3241 960 3294 mirandum
970 3242 1004 3294 est
1013 3260 1070 3294 cum
1082 3241 1161 3294 multo
1171 3241 1277 3297 minore,

243 3339 312 3390 pace,
325 3340 374 3391 que
387 3323 453 3390 prius
466 3321 550 3373 oblata
562 3321 652 3385 suerat,
665 3321 775 3373 contenti
790 3321 886 3374 fuissent
900 3321 1029 3387 christiani,
1045 3321 1086 3373 nisi
1107 3321 1192 3373 insano
1206 3339 1265 3374 con-

244 3401 294 3453 tilio
307 3401 341 3454 eis
356 3401 435 3454 suisset
447 3400 584 3454 obviatum.

146 3590 167 3635 e·
183 3587 230 3634 ²37
316 3561 459 3646 Quomodo
468 3577 523 3646 per
536 3563 657 3644 legatum
670 3565 827 3648 impeditum
838 3565 900 3646 fuit
907 3564 1030 3654 salubre
1044 3562 1192 3648 confilium.

284 3717 417 3815 ngetus
432 3735 543 3798 autem,
559 3721 804 3802 concupiscentia
818 3720 984 3803 optinenda
1002 3721 1131 3784 civitatis
1147 3711 1293 3799 ductus?

244 3807 354 3869 horum
366 3805 496 3894 consiliis
511 3830 573 3870 non
588 3803 892 3899 adquievit<Surgens
904 3810 994 3892 igitur
1006 3811 1036 3871 in
1049 3809 1150 3871 medio
1162 3831 1265 3872 comes

244 3881 669 3980 llantndellierillelmusl,
684 3897 735 3976 ait,
760 3897 922 3960 «Domine
945 3897 1046 3980 Pelagi
1066 3898 1173 3980 legate,
1193 3898 1266 3960 viris

244 3983 417 4067 expertis&
437 3985 467 4045 in
487 3984 544 4047 hiis
563 3985 695 4066 partibus
714 3983 865 4047 bellorum
887 3985 1001 4067 peritis,
1024 3983 1212 4066 Templariis
1236 3983 1266 4047 δι

245 4071 463 4154 Hospitalariis,
487 4073 556 4135 viris
575 4071 728 4156 religiosis,
752 4095 883 4157 quorum
909 4073 1000 4135 etiam
1015 4095 1061 4136 res
1076 4073 1185 4154 agitur,
1200 4094 1266 4135 cre-

245 4160 378 4223 dendum
393 4159 435 4223 est
448 4160 478 4223 δι
492 4159 751 4240 consentiendum,
762 4162 814 4245 qui
826 4159 985 4223 consulunt
1001 4160 1066 4243 poll
1081 4160 1198 4223 labores
1212 4159 1266 4222 ali-

244 4246 425 4329 quantulum
441 4247 590 4330 respirare.
595 4243 856 4334 >Recalcitrante
875 4262 976 4334 autem
999 4247 1109 4336 legato,
1134 4247 1265 4320 &affir-

245 4351 347 4419 mance
368 4331 603 4426 -s-e-Qe
638 4329 847 4413 voluntalem,
860 4327 958 4395 voluit
981 4330 1086 4398 comes
1110 4334 1141 4396 in
1168 4331 1265 4415 ipsum

350 4458 369 4500 T
1141 4445 1154 4495 8
