3656 5648
567 543 621 605 22
738 515 983 645 testimonio
1005 515 1046 606 in
1071 511 1218 640 Belgio
1229 513 1414 639 scripto.
1477 474 1480 482 Ι

564 778 614 840 die
627 799 686 841 van
702 778 842 842 Hairlem
862 778 930 840 hoir
943 797 1050 860 wapen
1072 777 1121 839 die
1136 791 1166 840 te
1180 797 1275 839 voren
1289 777 1354 838 vier
1369 776 1479 838 stamen
1493 799 1594 840 woer-

565 869 640 930 den:
661 888 714 929 om
728 867 793 930 dier
805 866 935 930 weldaet
949 865 979 928 so
994 865 1050 949 gal
1058 866 1122 927 him
1136 864 1185 926 die
1200 864 1306 949 keyser
1320 865 1371 928 dat
1385 881 1501 928 zwaert
1515 866 1593 928 ende

564 956 614 1019 die
629 957 777 1040 patriarch
792 977 850 1019 van
866 953 1120 1020 Constantinobel
1135 953 1190 1037 gal
1199 953 1270 1017 hem
1285 955 1336 1016 dat
1350 973 1446 1016 crues.

1007 1139 1166 1268 Verfio.

610 1353 686 1417 Urbs
699 1377 768 1417 vero
781 1355 926 1417 Donrioto
945 1354 992 1418 hoc
1012 1355 1088 1417 modo
1106 1367 1191 1438 copto
1202 1353 1276 1436 fuit.
1299 1351 1400 1438 Quum
1418 1367 1473 1436 per
1497 1356 1593 1416 urbem

556 1444 669 1530 flumen
687 1442 840 1527 pulchrum
861 1442 1007 1528 transtrot,
1031 1443 1107 1505 cuius
1128 1444 1201 1525 ripae
1223 1441 1327 1523 ingenti
1348 1441 1429 1508 mulo,
1445 1455 1530 1504 erant
1548 1443 1594 1505 ob-

553 1533 688 1617 structa,
711 1531 864 1594 Guilelmus
877 1533 969 1594 iunior
984 1534 1044 1618 post
1059 1533 1155 1616 patris
1168 1544 1281 1594 mortem
1295 1553 1357 1592 cum
1365 1530 1517 1630 gentilibus
1527 1532 1595 1678 {nir

563 1645 597 1682 cx
610 1619 772 1682 Hollondin
786 1619 869 1698 natis,
883 1621 932 1700 qui
944 1643 1042 1682 rerum
1056 1618 1207 1682 navalium
1217 1616 1373 1701 peritrffimr
1386 1631 1480 1695 oront,
1494 1619 1527 1679 de
1544 1618 1594 1678 'be-

564 1709 655 1787 ravit,
670 1710 704 1770 &
714 1707 754 1770 H
752 1707 916 1797 orlemonser
922 1707 1038 1790 polliciti
1038 1707 1120 1798 sunt,
1125 1707 1161 1798 so
1172 1729 1276 1769 navem
1280 1707 1418 1790 facturos
1429 1707 1463 1768 ΕΞ
1473 1707 1595 1782 inllrnc-

563 1807 640 1856 turos
652 1797 715 1880 offe.
738 1794 840 1878 Quom
853 1797 894 1858 ito
917 1797 1121 1881 instruxerunt,
1146 1808 1177 1856 ut
1186 1809 1280 1878 prora
1284 1792 1382 1884 solido
1387 1793 1497 1875 ferrea
1502 1792 1595 1883 serra

564 1897 753 1956 armamur,-
777 1898 836 1946 nrm
850 1907 919 1948 vero
939 1885 1013 1948 navi
1033 1883 1153 1946 armatis
1171 1883 1269 1967 pleno,
1293 1903 1409 1965 quorum
1432 1883 1461 1943 in
1482 1905 1596 1943 numero

564 1984 629 2033 erat
643 1969 799 2036 Guilelmus
821 1973 925 2052 iunior,
930 1974 1054 2072 stcnndo
1078 1986 1159 2035 vento
1179 1971 1221 2056 uſs
1233 1972 1344 2055 flumen
1364 1969 1550 2059 ascenderunt
1562 1971 1596 2032 {5

564 2057 668 2140 repulſs
688 2074 770 2122 vento
790 2060 939 2124 vehementr
960 2060 1067 2122 molum
1088 2061 1207 2122 medium
1221 2081 1326 2140 magno
1341 2059 1374 2120 vi
1387 2057 1597 2146 transcidorunt

564 2147 599 2208 ὅ
612 2147 780 2230 fregerunt,
802 2171 853 2229 quo
866 2149 951 2232 salto
975 2147 1098 2210 novibus
1121 2149 1301 2230 irruperunt,
1326 2160 1359 2208 ut
1380 2145 1596 2229 adproximant

563 2234 657 2318 ripam
685 2235 901 2320 appcderentur,
929 2237 964 2298 ὅ
987 2249 1102 2319 portum
1123 2234 1238 2319 ingreffi
1262 2259 1324 2297 curn
1348 2235 1443 2297 ceteris
1468 2234 1596 2318 offecntis

564 2322 660 2384 urbem
679 2324 834 2409 ditrffimam
848 2338 986 2408 ceperunt.
1014 2323 1082 2386 Indo
1101 2323 1303 2424 Hnrlcmonstr
1324 2345 1400 2386 nova
1414 2347 1501 2385 ormo
1516 2338 1594 2385 onte-

562 2433 647 2492 quam
659 2414 888 2500 quottuorstellir
899 2425 1001 2475 ornato
1015 2426 1196 2495 occeperunt:
1210 2413 1308 2494 quobus
1318 2411 1473 2495 imperaror
1479 2425 1596 2494 proptor

564 2499 648 2562 talorn
671 2500 806 2564 virtutem
825 2502 914 2591 ensem
928 2502 962 2563 Θ
973 2500 1148 2584 patriarcba
1163 2499 1468 2586 Constantinopolitano
1486 2522 1595 2561 crucem

558 2588 646 2675 ſsgno
660 2590 798 2652 attribuit.

789 2821 840 2898 14.
866 2819 1011 2872 PETRUS
1036 2819 1087 2872 DE
1115 2818 1373 2890 HARENTHAL,

710 2995 882 3087 Corologus
897 2995 1033 3062 abbatum
1051 2995 1271 3089 Floreffenfium
1298 3005 1452 3076 (-1370).

621 3185 743 3254 [Miraeus,
757 3184 844 3238 Cluen
856 3182 950 3237 ordinis
965 3185 1202 3254 Praenonslratenfis,
1215 3186 1342 3256 Colonia,
1359 3189 1435 3254 1613,
1447 3187 1541 3252 in·12.]

490 3575 549 3621 121⁶
602 3551 716 3615 Iacobo
742 3550 891 3629 Vitriaco‚
915 3549 1103 3614 Acconensts
1125 3551 1156 3614 in
1183 3551 1268 3636 Syria
1292 3553 1447 3638 episcopo,
1471 3551 1500 3616 δι
1528 3551 1594 3634 post
1608 3573 1630 3618 r·
1644 3557 1686 3603 ¹⁶¹

563 3641 592 3706 S.
614 3640 652 3703 R.
674 3638 711 3702 E.
739 3637 891 3701 cardinale
922 3661 1003 3702 anno
1036 3641 1110 3704 1216
1142 3663 1195 3722 per
1226 3643 1364 3707 Galliam
1397 3641 1594 3704 transmarine

564 3727 813 3814 peregrinationis
828 3727 972 3806 Crucem,
988 3743 1020 3790 ut
1034 3745 1155 3808 vocant,
1172 3730 1357 3811 predicante,
1372 3729 1502 3794 Helinus
1523 3725 1594 3806 Vll,

564 3818 656 3881 abbas
669 3815 695 3879 F
697 3813 880 3894 loreffiensts,
891 3817 936 3876 vir
946 3837 1068 3878 morum
1081 3817 1231 3898 probitate
1242 3839 1277 3880 ac
1290 3818 1413 3882 scientia
1424 3817 1593 3880 admodum

563 3907 806 3984 commendatus,
829 3903 884 3986 ipsr
905 3925 1010 3968 comes
1024 3903 1066 3967 est
1080 3895 1210 3984 additus,
1233 3927 1304 3968 cum
1328 3907 1358 3968 in
1375 3906 1594 3989 predicatione,

564 4009 629 4055 tum
645 3993 675 4055 in
691 3994 933 4077 peregrinatione
952 3992 1044 4074 idque
1063 4015 1100 4054 ex
1115 3996 1260 4057 mandato
1280 3993 1411 4078 Honorij
1431 3991 1489 4072 III,
1505 3993 1593 4057 Pont.

565 4081 653 4144 Max.
669 4079 814 4167 Quantus
828 4097 931 4143 autem
946 4079 1078 4143 Helinus
1100 4079 1153 4143 iste
1173 4083 1219 4144 vir
1240 4081 1339 4162 fuerit,
1360 4105 1397 4145 ex
1417 4082 1592 4146 testimonio

564 4165 742 4234 aGervasto
766 4169 873 4231 abbate
896 4167 1172 4249 Premonstratenlr,
1185 4191 1294 4254 magne
1313 4171 1494 4234 eruditionis
1518 4172 1593 4250 viro,

563 4257 600 4322 ad
626 4255 831 4322 Patriarcham
856 4255 1172 4344 Hierosolymitanum
1201 4257 1273 4322 dato
1304 4257 1377 4322 licet
1401 4260 1594 4344 cognoscere.
