3716 5628
554 477 642 568 268
744 475 987 605 Testimonio
1010 475 1052 565 iii
1075 473 1200 567 stolio
1209 474 1388 602 scripto.

480 763 538 811 1219
552 739 651 809 prebuit
671 738 793 790 auditum.
816 741 928 791 Cernens
950 737 1052 808 quidem
1074 740 1099 790 iii
1112 756 1143 791 eo
1158 738 1281 793 servorem
1294 739 1399 809 spiritui,
1415 739 1582 794 constantiam

551 819 638 882 animi,
661 830 835 886 contemptum
849 818 899 870 vite
919 818 1037 887 presentis
1059 819 1248 889 efficaciamque
1270 820 1348 872 divini
1364 821 1491 884 sermonis,
1503 820 1582 874 devo·

551 899 645 952 tionem
658 909 754 950 tantam
765 898 880 966 concepit
893 899 926 950 ad
938 898 1026 968 ipsum,
1037 911 1063 950 ut
1076 916 1171 968 magno
1180 918 1240 961 cuin
1251 900 1345 952 honore
1355 900 1460 969 dignum
1470 900 1582 966 duceret,

551 997 655 1032 numera
667 978 777 1047 preciosa
790 977 891 1030 offerret
903 983 926 1030 dr
947 979 979 1029 ad
998 978 1081 1029 secum
1098 979 1248 1030 trahendum
1269 996 1366 1030 moram
1386 979 1503 1031 instanter
1520 978 1583 1030 invi-

551 1070 625 1112 taret.
638 1061 673 1110 Et
685 1057 747 1128 quid
765 1057 873 1109 mirum?
892 1057 915 1109 si
934 1057 1046 1110 Christus
1059 1057 1136 1109 corda
1149 1058 1250 1110 suorum
1263 1072 1435 1112 commoneret
1455 1059 1488 1110 ad
1507 1077 1583 1112 vene·

552 1139 673 1192 tationem
688 1139 754 1190 beati
767 1140 788 1190 F
789 1138 900 1202 rancisci,
912 1153 970 1189 cum
983 1155 1027 1206 per
1043 1137 1139 1190 ratione
1156 1139 1265 1191 carentia
1283 1138 1311 1190 sit
1329 1139 1379 1208 ipse
1396 1140 1485 1191 beatus
1504 1141 1525 1191 F
1527 1156 1583 1191 ran·
1595 1167 1619 1212 p.
1631 1153 1682 1198 216

552 1219 630 1270 cisciis
643 1217 810 1287 multipliciter
823 1218 970 1281 honoratus,
982 1216 1127 1269 accedendo
1139 1217 1171 1268 ad
1184 1219 1272 1287 ipsum,
1288 1218 1375 1270 slando
1392 1234 1449 1270 cum
1469 1217 1520 1286 ipso
1536 1233 1583 1268 nec

553 1301 586 1351 ab
608 1315 638 1350 eo
663 1299 802 1350 nullatenus
822 1297 937 1350 recedere
963 1297 1080 1362 volendo,
1104 1309 1178 1366 proiit
1202 1298 1263 1350 dicit
1288 1299 1378 1350 oslava
1399 1315 1456 1368 pars
1484 1295 1583 1349 maioris

553 1377 669 1447 legende.

942 1545 999 1599 Lib.
1016 1547 1051 1612 11,
1063 1547 1135 1599 lrucl.
1154 1565 1194 1611 31·

595 1718 732 1800 Septimo
756 1715 893 1798 stigmata
918 1717 997 1779 beati
1022 1715 1172 1780 Francisci
1197 1717 1263 1781 sunt
1292 1719 1475 1781 autenticata
1504 1716 1585 1779 testi·
1599 1751 1707 1800 p.235a

525 1862 528 1871 ,
556 1807 662 1867 monio
674 1804 844 1868 sanctorum
857 1805 1021 1868 fratrum&
1036 1807 1174 1869 virorum
1189 1806 1309 1870 suorum
1324 1806 1476 1889 postremo
1488 1805 1585 1868 fratris

556 1893 729 1971 illuminati,
750 1895 803 1977 qui
824 1916 896 1956 cum
911 1894 999 1956 beato
1014 1893 1040 1956 F
1042 1894 1176 1957 rancisco
1200 1898 1236 1957 ad
1259 1895 1426 1958 Soldanum
1445 1895 1587 1977 perrexit.

557 1981 618 2044 Hic
632 1981 769 2065 stigmata
783 1979 903 2044 vidit&
926 1982 1047 2044 beatum
1070 1981 1263 2045 Franciscum
1283 1984 1387 2045 seriem
1407 1982 1437 2045 δι
1459 1981 1586 2043 modum

557 2071 756 2153 impreslionis
772 2071 951 2134 recitantem
966 2071 1091 2136 audivit.

948 2291 1006 2344 Lib.
1019 2291 1054 2360 ΙΙ,
1069 2291 1141 2345 frudi.
1157 2298 1199 2357 38.

600 2483 713 2546 Beatus
727 2481 901 2548 Franciscus
916 2485 1010 2564 enim,
1024 2484 1063 2547 ob
1079 2483 1203 2547 salutem
1219 2487 1388 2546 animarum
1410 2485 1439 2548 δι
1458 2501 1492 2548 ut
1512 2507 1588 2548 con·
1603 2514 1684 2576 1³³4ss

561 2586 691 2634 verteret
705 2571 842 2635 infideles
855 2575 891 2634 ad
909 2573 1075 2652 Christum,
1089 2589 1135 2636 ter
1152 2574 1187 2635 ad
1205 2590 1302 2655 partes
1318 2573 1485 2636 infidelium
1505 2573 1589 2635 adire

562 2660 720 2744 proposuit
735 2683 791 2741 pro
806 2659 1004 2723 conversione
1019 2661 1193 2743 ipsorum&
1209 2684 1265 2745 pro
1278 2662 1377 2744 palma
1388 2662 1591 2744 concipienda

563 2747 1591 2833 martirij,licetergobisproposueritimsepetamenfuitimpeditus.

564 2835 666 2900 Primo
675 2859 770 2920 quum
782 2838 843 2900 ibat
857 2841 893 2900 ad
907 2840 1135 2902 miramolinum
1148 2839 1246 2901 versus
1257 2835 1418 2922 Ispaniam,
1427 2840 1484 2901 suit
1494 2840 1592 2921 impe-

564 2927 643 2988 ditus
655 2924 841 2988 infirmitate.
856 2927 997 2990 Secundo
1009 2949 1104 3011 quum
1117 2929 1178 2991 ibat
1192 2928 1292 2990 versus
1303 2928 1480 3007 Soldanum,
1494 2928 1592 2990 ventis

564 3015 594 3077 &
609 3015 639 3076 iii
655 3014 731 3076 mari
745 3036 807 3075 non
822 3012 959 3077 secundis
973 3014 1102 3078 flatibus.
1117 3017 1229 3079 Tertio
1252 3033 1352 3078 tamen
1373 3035 1501 3098 pergens
1520 3036 1593 3077 cum

563 3104 615 3188 xij.
631 3103 770 3165 fratribus
786 3103 822 3165 ad
838 3120 938 3186 partes
954 3103 1029 3167 Sirie
1044 3105 1223 3186 permultos
1238 3104 1365 3182 labores,
1380 3104 1591 3168 tribulationes

565 3193 594 3256 ἃ
608 3193 819 3275 captivitates:
834 3213 906 3254 cum
920 3191 992 3255 esset
1004 3212 1112 3275 guerra
1127 3195 1204 3255 inter
1219 3193 1399 3256 Sarracenos
1414 3193 1443 3256 ἃ
1457 3194 1594 3255 christia-

564 3304 631 3360 noS,
645 3281 750 3344 divino
770 3281 889 3343 favente
911 3281 1024 3344 auxilio
1048 3284 1084 3343 ad
1107 3281 1273 3344 Soldanum
1289 3282 1479 3364 perveniens,
1493 3284 1594 3344 eidem

566 3374 670 3434 beatus
690 3369 716 3432 F
719 3368 868 3432 ranciscus
889 3391 914 3432 a.
937 3369 977 3452 sp.
999 3370 1017 3432 s.
1037 3371 1164 3433 edodlus
1186 3388 1248 3433 tam
1269 3369 1449 3432 divinissime
1474 3370 1512 3432 de
1534 3369 1594 3432 side

565 3460 717 3523 catholica
731 3460 830 3522 sandla
845 3461 1023 3542 predicavit,
1037 3489 1142 3541 quoque
1162 3489 1205 3540 per
1227 3471 1311 3540 ignem
1332 3471 1397 3524 hanc
1410 3472 1433 3524 se
1454 3473 1595 3541 approbare
1609 3502 1633 3548 s¹
1643 3501 1809 3555 Romnum

565 3551 664 3604 obtulit.
680 3553 786 3619 Propter
799 3552 868 3620 quod
880 3551 1002 3604 Soldanus
1014 3552 1038 3602 in
1051 3551 1104 3621 ipso
1118 3569 1211 3620 magna
1221 3551 1355 3603 devotione
1368 3551 1495 3620 concepit,
1508 3563 1594 3603 tamen
1619 3569 1693 3637 sm„
1705 3591 1727 3635 Ρ,
1738 3585 1783 3633 250

566 3650 612 3704 pro
626 3631 762 3685 constantia
777 3630 834 3683 lidei
852 3649 930 3701 quarn
945 3649 990 3700 pro
1004 3644 1152 3699 contemptu
1171 3631 1345 3699 temporalium
1359 3631 1418 3683 nihil
1431 3649 1481 3682 non
1496 3634 1529 3684 ab
1542 3631 1595 3700 ipso

566 3714 679 3782 accipere
690 3712 776 3776 voluit,
785 3729 841 3765 cum
852 3712 911 3764 effer
921 3713 1095 3781 pauperculus,
1103 3715 1261 3782 quamdipro
1270 3712 1368 3765 servore
1378 3713 1490 3778 martirii.
1506 3707 1547 3769 Et
1558 3728 1595 3768 ex

568 3809 640 3855 tunc
660 3811 730 3852 eum
753 3789 941 3852 libentissime
963 3790 1103 3853 audiebat
1126 3790 1156 3853 dr
1176 3791 1304 3873 rogavit,
1319 3806 1353 3852 ut
1366 3788 1403 3852 ad
1423 3789 1520 3871 ipsum
1534 3786 1595 3849 sre-

568 3897 697 3965 quenter
717 3881 885 3941 accederet.
906 3878 947 3940 Et
970 3879 1091 3961 insuper
1106 3876 1157 3941 sibi
1183 3878 1375 3941 concessit&
1396 3877 1494 3955 sociis,
1512 3874 1595 3959 quod

569 3988 765 4054 quocumque
781 3966 873 4029 vellet
887 3967 980 4030 libere
996 3969 1064 4048 iret,
1078 3968 1109 4030 ἃ
1123 3969 1236 4051 ubique
1251 3991 1306 4051 per
1317 3984 1416 4030 totum
1433 3966 1596 4049 imperium

569 4059 655 4120 suum
669 4056 764 4118 libere
786 4057 965 4138 predicaret.
980 4057 1022 4119 Et
1042 4058 1127 4120 dedit
1141 4055 1298 4140 quoddam
1313 4055 1517 4140 signaculum:
1533 4075 1596 4136 quo

570 4146 632 4208 viso
647 4167 665 4208 a
678 4147 800 4209 nemine
820 4145 982 4210 lederetur.
998 4145 1111 4209 Habita
1130 4146 1223 4230 igitur
1246 4145 1303 4207 hac
1324 4145 1447 4207 licentia
1468 4142 1596 4222 liberali,

571 4236 687 4300 sandius
702 4233 878 4300 Franciscus
892 4234 989 4299 socios
1005 4237 1092 4300 binos
1106 4236 1178 4298 hinc
1194 4234 1264 4297 inde
1282 4230 1441 4296 transmisit
1452 4233 1482 4295 in
1495 4233 1595 4294 diver-
