3726 5628
426 553 521 646 105.
552 521 770 643 Coesoriur
791 519 1143 653 Heislerbncenfis.
1220 524 1297 648 163

276 778 400 842 lendino
415 776 521 840 domui
536 775 586 840 sue
600 777 748 860 contiguo
763 791 884 840 motum
904 776 987 861 quast
1002 793 1069 842 rote
1084 777 1228 842 molentis
1250 799 1304 842 au·

275 867 361 930 divit.
376 863 580 948 Clamansque
595 885 735 949 puerum,
748 864 824 928 dixit
838 866 866 928 ei
881 888 888 928 :
913 866 1022 955 <Quis
1043 863 1164 930 admisrt
1184 863 1305 928 molen·

276 953 405 1020 dinum?
431 953 529 1034 Vade,
551 953 622 1016 vide
638 954 706 1037 quis
722 953 762 1016 ibi
781 950 849 1016 fit)
863 953 922 1018 lvit
938 978 1024 1039 puer,
1038 955 1068 1020 δι
1083 956 1173 1019 rediit
1182 983 1192 1032 3
1206 955 1303 1018 nimio

275 1046 358 1110 enim
372 1045 501 1106 horrore
516 1041 670 1126 perculsus
681 1044 847 1125 procedere
860 1067 925 1108 non
941 1047 1049 1122 potuit
1068 1045 1129 1109 Cui
1147 1043 1303 1106 dominus:

278 1160 291 1192 ‹
310 1133 383 1212 Dic,
397 1131 470 1216 quid
485 1130 528 1194 est
539 1131 579 1194 ibi
591 1129 626 1194 ἓ»
645 1130 815 1214 Respondit
829 1154 836 1195 :
853 1159 866 1191 ‹
880 1134 1004 1198 Tantus
1018 1135 1128 1197 horror
1141 1133 1178 1194 ad
1194 1128 1304 1192 ostium

166 1234 187 1292 r,
199 1248 221 1294 r·
233 1245 259 1290 71
276 1221 445 1286 molendini
459 1217 566 1284 invasrt
575 1240 635 1298 me,
646 1235 681 1282 ut
691 1219 894 1303 compellerer
903 1223 1034 1285 redire>
1048 1217 1305 1286 Erille:‹Etiarn·

276 1307 297 1372 li
309 1307 447 1374 diabolus
463 1309 504 1371 ibi
516 1305 561 1387 stt,
574 1331 633 1393 ego
648 1309 758 1371 vadam
772 1307 801 1371 dr
816 1307 1141 1395 videbo.›lniedlaque
1153 1324 1224 1391 toga
1242 1306 1305 1370 sca·

249 1425 252 1429 ’
276 1397 365 1482 pulis,
391 1419 428 1462 eo
453 1397 535 1481 quod
559 1398 659 1462 nudus
682 1393 764 1476 effer,
777 1398 815 1458 ad
841 1397 1054 1463 molendinum
1081 1398 1174 1475 venit,
1195 1395 1304 1458 ollium

276 1485 403 1568 aperuit,
424 1485 613 1568 introspexit,
630 1487 662 1549 in
677 1508 739 1571 quo
756 1486 942 1549 horrendam
961 1486 1106 1549 visionem
1129 1485 1214 1547 vidit.
1237 1484 1304 1548 Sta-

276 1573 348 1636 bant
363 1575 404 1638 ibi
416 1577 478 1638 duo
493 1577 564 1660 equi
575 1575 744 1659 nigerrimi,
759 1574 789 1637 δι
808 1577 854 1638 vir
869 1574 994 1658 quidam
1009 1575 1155 1638 deformis
1170 1573 1304 1638 eiusdem

276 1661 388 1726 coloris
398 1664 483 1727 iuxta
496 1686 601 1748 equos.
625 1662 693 1752 Qui
711 1662 832 1726 dicebat
846 1663 882 1726 ad
904 1663 1071 1726 rusticum:
1088 1688 1101 1720 ‹
1115 1661 1245 1740 Festina,
1262 1659 1305 1724 as·

275 1753 372 1814 cende
382 1773 496 1836 equum
518 1751 618 1832 istum,
632 1754 705 1836 quia
723 1768 850 1836 propter
870 1768 899 1816 te
915 1752 1064 1816 addudlus
1084 1750 1166 1814 est.»
1190 1748 1306 1832 Expal-

276 1839 332 1904 luit
347 1839 398 1904 ille
416 1839 446 1904 ἃ
464 1843 659 1922 contremuit,
680 1842 751 1926 quia
769 1840 901 1904 iubentis
920 1863 1032 1910 vocem
1057 1841 1157 1904 minus
1178 1839 1306 1902 libenter

276 1929 400 1992 audivit.
423 1929 567 2014 Cumque
581 1931 618 1992 ad
635 1929 727 1994 talem
742 1929 950 1992 obedientiam
972 1932 1138 2011 imparatus
1153 1926 1235 2007 esset,
1250 1928 1304 1992 ite·

276 2035 342 2080 rato
367 2017 479 2080 clamat
506 2018 663 2082 diabolus:
700 2015 820 2105 ‹Quid
848 2018 973 2082 tardas?
996 2016 1115 2081 Proiice
1138 2017 1251 2080 vestem
1276 2017 1306 2079 dt

276 2105 383 2168 venil»
400 2103 477 2171 Erat
489 2123 593 2170 autem
607 2128 693 2186 crux,
707 2127 800 2189 quarn
814 2105 991 2189 susceperat,
1006 2107 1106 2168 eidem
1121 2107 1193 2169 vesti
1203 2103 1305 2169 assuta.

277 2191 366 2282 Quid
381 2192 491 2278 plura?
507 2195 662 2259 Virtutem
673 2194 825 2258 diabolice
839 2196 924 2260 vocis
936 2217 991 2279 per
1012 2194 1255 2278 desperationem
1275 2197 1304 2260 in

276 2282 368 2347 corde
382 2282 434 2347 suo
449 2284 589 2364 sentiens,
603 2283 632 2348 δι
647 2284 708 2348 iarn
727 2280 859 2346 resistere
874 2306 937 2345 non
957 2283 1072 2362 valens,
1095 2282 1210 2346 vellem
1228 2283 1305 2347 reie-

276 2369 371 2448 cit&
390 2369 602 2432 molendinum
627 2371 752 2434 intravit
759 2398 769 2447 3
789 2391 914 2456 equum,
929 2372 992 2435 imo
1015 2370 1183 2450 diabolum,
1203 2371 1306 2434 ascen·

275 2457 329 2520 dit.
340 2455 526 2521 Ascendit&
541 2457 681 2523 diabolus
695 2480 809 2543 equum
824 2457 964 2539 alterurn,
975 2461 1006 2523 br
1018 2459 1070 2523 sub
1082 2460 1178 2524 multa
1197 2459 1306 2522 celeri·

275 2561 335 2610 tate
347 2541 433 2608 fimul
448 2545 571 2610 dedudli
586 2545 653 2610 sunt
676 2547 713 2610 ad
733 2547 846 2610 diversa
866 2546 935 2610 loca
956 2571 1113 2632 penarum.
1135 2545 1171 2611 ln
1194 2547 1304 2632 quibus

275 2634 370 2696 homo
387 2633 475 2696 miser
493 2649 610 2716 patrem
630 2633 660 2697 dt
680 2650 809 2698 matrem
831 2635 1037 2700 miserabiliter
1063 2638 1150 2716 vidit,
1171 2636 1304 2719 aliosque

275 2720 434 2807 plurimos,
448 2743 526 2806 quos
537 2722 699 2786 defirnblos
714 2723 874 2807 ignoravit.
892 2725 979 2789 Vidit
990 2725 1031 2788 ibi
1047 2727 1139 2790 eriam
1150 2725 1304 2810 quendam

274 2811 435 2874 honestum
450 2809 579 2874 militem
598 2832 696 2893 nuper
709 2828 876 2892 mortuum,
897 2813 1021 2877 Heliam
1042 2817 1170 2878 nomine
1185 2815 1222 2878 de
1246 2813 1305 2877 Ki-

274 2920 377 3052 'tlte
388 2899 586 3070 &31:¹23
597 2921 631 3051 :l
645 2899 1305 3142 {deltis32023532‘22222?(3⁶⁰2

275 3079 335 3140 huc
359 3075 495 3161 illucque
519 3076 713 3155 discurrebat,
734 3077 763 3141 dr
784 3079 901 3142 crebris
923 3079 1034 3144 idlibus
1056 3080 1178 3143 dorsum
1199 3082 1241 3142 nri
1257 3081 1304 3144 itis

275 3167 462 3230 cruentabat.
484 3165 546 3230 Cui
567 3187 639 3228 cum
657 3165 805 3230 usurarius
828 3169 966 3230 diceret:
991 3168 1169 3247 «Domine,
1191 3190 1250 3252 qua
1274 3191 1304 3230 re

275 3255 421 3319 sustinetis
435 3271 551 3318 tantam
566 3253 694 3339 penam?
709 3279 722 3312 ι
746 3254 916 3338 respondit:
934 3257 1098 3328 ‹Vaccarn
1113 3257 1199 3320 istam
1218 3259 1304 3340 rapui

274 3343 335 3408 stne
346 3342 553 3408 misericordia
562 3343 684 3408 cuidam
695 3343 797 3420 vidue,
807 3343 838 3407 dt
846 3345 915 3407 ideo
927 3345 1200 3409 stnemisericordia
1211 3366 1305 3429 opor·

276 3449 380 3496 terme
393 3433 431 3497 ab
448 3432 501 3495 illa
515 3453 625 3515 penam
637 3433 716 3496 hanc
736 3431 914 3496 sustinere.»
937 3433 1067 3500 Ostensa
1086 3433 1129 3496 ell
1148 3436 1176 3498 ei
1198 3436 1228 3498 in
1250 3434 1305 3498 eis·

276 3525 346 3586 dem
369 3521 446 3586 locis
469 3524 560 3606 ignea
579 3521 673 3601 sedes,
693 3523 724 3584 in
745 3543 807 3605 qua
820 3521 904 3585 nulla
924 3539 1042 3605 poterat
1064 3522 1122 3586 effe
1140 3525 1237 3607 quies,
1255 3523 1303 3588 sed

276 3611 357 3674 seffio
369 3609 494 3695 penalis,
508 3610 539 3674 dt
550 3609 877 3694 penainterminabilis.
889 3609 1082 3695 Dictumque
1092 3613 1135 3674 est
1145 3613 1212 3675 ei:‹
1229 3611 1304 3676 Mo-

277 3701 316 3764 do
331 3700 490 3762 reverteris
516 3700 546 3761 in
566 3700 694 3763 domum
717 3715 810 3778 tuam,
832 3699 900 3782 post
914 3717 974 3788 ⁴tres
997 3716 1100 3762 autem
1124 3702 1189 3765 dies
1210 3718 1304 3764 exuto

276 3809 407 3873 corpore
423 3790 581 3852 reverteris
600 3789 630 3850 in
647 3787 750 3852 locum
765 3787 907 3868 tuum&
928 3790 1103 3853 mercedem
1123 3807 1206 3853 tuam
1223 3792 1304 3853 acci·

277 3880 341 3962 pies
352 3880 382 3942 in
394 3877 461 3941 sede
475 3875 538 3940 ista
548 3902 560 3935 ι
571 3875 677 3941 Moxa
688 3879 820 3940 demone
832 3877 1011 3940 reduetus&
1019 3879 1048 3940 in
1061 3876 1240 3941 molendino
1251 3878 1305 3941 de·

277 3965 399 4052 positus,
420 3987 498 4051 pene
512 3967 659 4032 exanimis
675 3966 805 4031 reledlus
818 3965 870 4030 est.
892 3963 1039 4030 Inventus
1051 3967 1091 4030 ibi
1107 3967 1144 4029 ab
1159 3988 1256 4030 uxore
1274 3969 1303 4032 δι

276 4057 399 4137 familia,
423 4075 514 4140 atque
534 4057 566 4119 in
581 4055 695 4119 ledlum
718 4056 905 4140 deportatur,
927 4077 999 4118 cum
1015 4057 1229 4140 requireretur,
1251 4057 1302 4120 ubi

276 4147 357 4227 effer,
371 4145 420 4209 vel
441 4147 523 4209 unde
540 4144 666 4223 veniret,
682 4143 854 4228 respondit:
876 4171 888 4203 e
907 4147 957 4207 Ad
974 4143 1043 4207 loca
1057 4145 1214 4208 infernalia
1228 4148 1303 4208 duc·

277 4254 325 4300 tua
336 4236 389 4315 sui,
403 4236 433 4298 dt
446 4234 504 4298 bec
518 4250 610 4318 atque
626 4234 684 4296 hec
696 4234 810 4297 ibidem
821 4233 891 4298 vidi.
906 4231 1052 4300 Ostendit
1062 4235 1136 4297 mihi
1151 4235 1178 4297 in
1191 4234 1302 4296 eisdem

277 4325 353 4389 locis
367 4323 479 4388 dubbor
491 4343 578 4386 meua
593 4322 694 4386 sedem
708 4341 811 4402 unam,
824 4322 854 4385 ὅτ
868 4323 956 4404 dixit,
966 4323 1038 4406 quia
1052 4323 1127 4386 mihi
1138 4323 1218 4386 soret
1232 4343 1302 4404 pre-
