3726 5628
399 488 403 496 .
454 523 528 646 98.
563 518 824 614 Burrbordur
849 514 1137 647 Bideroceofis.
1225 547 1302 640 ¹55

288 781 769 870 Damyatecomprehenfirchris-

287 875 375 938 tianis
389 874 419 937 δι
434 896 490 957 pro
503 893 574 937 vera
594 893 683 936 cruce
698 874 768 936 red-

288 961 552 1026 ditaestDamiata
560 961 692 1045 paganis.
704 959 769 1024 Eo-

287 1053 443 1115 demvero
456 1067 596 1133 tempore
610 1051 705 1132 pirate
716 1071 769 1134 pa-

286 1162 437 1225 ganorum
456 1136 683 1203 combusserunt
700 1141 769 1222 igne

287 1227 509 1312 inextinguibili
525 1245 584 1310 700
594 1243 656 1290 tam
675 1226 770 1290 sacer-

287 1319 375 1382 dotes
389 1339 481 1403 quam
495 1317 571 1381 alios
593 1316 723 1380 clericos
737 1317 768 1378 in

289 1428 349 1470 una
361 1409 429 1468 navi
447 1405 479 1468 in
494 1404 629 1469 flumine.
650 1403 686 1468 ln
708 1403 769 1466 sine

287 1493 420 1558 eiusdem
434 1496 504 1558 anni
521 1493 684 1557 Udalricus
699 1491 769 1556 Pat-

288 1582 425 1648 taviensrs
439 1583 597 1667 episcopus
611 1583 768 1646 redeundo
839 1611 842 1618 ·

288 1694 307 1736 a
320 1673 421 1738 Terra
434 1673 533 1737 sarrsla
546 1673 633 1737 obiit.

397 1952 455 2046 98.
482 1949 739 2020 Buncnnrnus
763 1949 1029 2019 Braraacrnsn
1056 1961 1096 2028 (ι
1112 1961 1202 2028 1226),

711 2136 892 2204 chronicon.

570 2319 665 2390 [rena
677 2319 745 2372 nou.
760 2319 852 2382 om,
865 2319 918 2382 sn,
933 2319 1039 2384 xxm]

196 2665 219 2711 Ρ,
232 2647 277 2710 ³80
333 2615 417 2678 1218.
436 2611 563 2677 Interim
583 2612 755 2697 Templarij
778 2613 807 2676 δι
829 2613 1024 2699 Hospitalarij
1046 2614 1315 2695 Hierosolimirani,
1330 2639 1387 2688 ωε

290 2703 439 2766 adiunslis
454 2700 506 2766 fibi
522 2702 698 2787 quibusdam
720 2703 907 2785 principibus
932 2702 1115 2768 Alamannia
1143 2704 1173 2767 δι
1198 2702 1314 2786 populo

290 2791 460 2870 christiano,
474 2807 603 2875 pergunt
613 2792 735 2875 navigio
750 2792 787 2853 ad
802 2791 981 2874 capiendam
996 2793 1149 2876 quandam
1160 2793 1315 2856 civitatem

290 2881 520 2959 Saracenorum,
533 2881 658 2944 nomine
672 2877 860 2958 Damiaram‚
876 2895 909 2942 ut
922 2901 990 2942 eam
1011 2881 1190 2963 possiderent
1214 2883 1245 2944 in
1268 2902 1315 2944 re-

290 2967 569 3052 compensationem
580 2967 712 3031 civitatis
727 2967 997 3032 Hierosolimitane
1011 2968 1040 3031 &
1054 2968 1153 3032 Terre
1167 2970 1275 3034 sansie.
1398 2999 1406 3014 ·

329 3055 401 3120 Fuit
415 3072 517 3120 autern
532 3058 638 3121 civitas
653 3055 705 3118 illa
719 3053 771 3119 sita
786 3056 872 3139 super
888 3077 983 3118 unum
998 3056 1156 3120 brachium
1170 3057 1237 3120 Nili
1259 3057 1316 3122 flu·

289 3146 381 3210 minis
394 3144 494 3209 versus
508 3143 754 3227 septentrionem,
768 3144 877 3208 distans
888 3145 926 3206 ab
938 3144 1126 3209 Alexandria
1136 3145 1236 3209 versus
1251 3145 1316 3229 sep·

289 3233 475 3298 tentrionem
491 3255 545 3317 per
560 3234 608 3296 sex
625 3235 730 3298 dietas.
742 3232 784 3296 Et
797 3249 860 3296 erat
873 3233 1011 3296 muris&
1032 3229 1087 3296 stru
1103 3235 1162 3298 loci
1179 3235 1317 3298 munitis-

290 3321 372 3404 sima,
396 3322 448 3385 ubi
463 3339 586 3404 portum
600 3321 713 3386 habent
737 3322 891 3386 Sarraceni
904 3324 934 3384 in
949 3322 1023 3384 mari
1039 3343 1160 3406 magno.
1190 3322 1315 3388 Merces

290 3413 405 3496 quippe
428 3412 467 3474 de
488 3413 562 3475 mari
593 3411 701 3475 Rubro
727 3413 883 3474 venientes
902 3411 940 3472 ab
965 3408 1062 3493 India,
1084 3435 1120 3475 ex
1149 3410 1317 3476 Perside&

290 3502 405 3565 Arabia
417 3500 490 3564 illuc
510 3500 763 3585 deportantur‚&
783 3499 1001 3564 nichilominus
1018 3523 1055 3564 ex
1079 3501 1205 3586 Egipto.
1224 3500 1316 3566 Nilus

290 3594 405 3676 quippe
419 3591 529 3655 fluvius
543 3591 575 3652 in
589 3590 735 3672 superiori
751 3588 866 3674 Egipto
880 3591 912 3652 in
931 3589 993 3652 duo
1018 3589 1141 3653 brachia
1162 3590 1317 3670 dividitur,

291 3680 332 3744 ita
346 3696 380 3742 ut
394 3696 505 3743 terram
519 3677 671 3742 inferioris
694 3677 798 3762 Egipti
824 3677 1010 3741 disterminet
1032 3679 1063 3741 in
1084 3678 1212 3763 figuram
1236 3680 1317 3762 quast

291 3767 482 3851 triangulam,
502 3771 533 3834 in
554 3792 614 3854 qua
628 3768 733 3848 Delta,
750 3771 824 3832 dicit
847 3767 987 3848 Orosius,
1007 3770 1158 3832 contineri
1179 3769 1316 3834 civitates

291 3855 415 3920 farnosas
429 3875 554 3923 centum
568 3860 797 3943 quinquaginta
813 3858 987 3941 Utrumque
1008 3879 1081 3921 vero
1103 3857 1227 3920 istorum
1250 3858 1318 3920 bra-

290 3946 431 4009 chiorum
444 3948 526 4011 cadit
540 3949 571 4012 in
596 3968 679 4011 mare
701 3968 857 4031 magnum,
878 3968 974 4010 unum
994 3947 1074 4030 apud
1098 3947 1316 4010 Alexandriam

291 4037 389 4100 versus
403 4037 537 4116 Libiam,
550 4036 679 4101 alterum
694 4037 774 4120 apud
798 4036 975 4100 Damiatam
993 4036 1093 4101 versus
1119 4036 1265 4100 Arabiam
1288 4036 1317 4100 δι

291 4123 451 4190 ldumeam
465 4125 696 4190 &Palestinam

333 4215 476 4299 Cumque
487 4215 621 4280 advertis
634 4215 762 4280 navibus
777 4217 909 4300 populus
931 4215 1109 4280 christianus
1131 4215 1317 4279 convenisset

293 4303 377 4384 illuc,
397 4325 460 4367 non
482 4319 622 4387 poterant
635 4305 745 4368 intrare
761 4321 894 4388 portum,
908 4326 965 4368 nec
979 4304 1133 4389 applicare
1145 4305 1180 4366 ad
1197 4319 1318 4384 terram,
