3656 5648
538 503 598 615 84
716 503 959 632 ‘Testimonio
982 505 1023 596 in
1049 499 1189 596 Gallia
1198 503 1381 631 scriptu.

536 765 660 822 Dorulaus
680 766 720 823 illa
733 769 775 822 die
788 769 822 824 de
831 768 945 824 manibus
954 768 1111 826 mnarum
1123 767 1202 822 crucis
1211 767 1312 838 eripuit,
1320 767 1379 838 ἰςιιι
1387 778 1473 823 umen
1484 783 1563 838 grem

536 845 587 900 sere
599 847 742 901 combustus
756 847 809 902 nit,
833 848 927 904 Militia
941 861 1026 906 autern
1039 849 1153 918 Templi,
1170 867 1220 919 que
1230 847 1312 918 prima
1324 849 1371 902 fuit
1383 847 1408 902 in
1421 847 1563 917 coogreffu,

537 925 625 980 ultima
636 925 683 980 suit
695 927 722 982 in
733 927 848 998 regressu.
866 929 905 982 Sic
918 928 1058 984 nostrorum
1072 928 1211 998 superbiam
1228 928 1352 984 Dominus
1366 927 1491 998 oppressit.

572 1006 698 1073 Preterea,
719 1007 804 1062 nostris
824 1009 906 1062 inuitis
930 1011 953 1062 δι
974 1008 1159 1078 ignorantibus,
1179 1009 1333 1079 quandoque
1353 1027 1383 1064 ea
1403 1020 1474 1077 parte
1490 1019 1563 1072 terre,
1575 1022 1736 1070 ι1ωι1ῑν111,

538 1086 691 1160 quandoque
712 1089 757 1142 sub
777 1089 849 1162 aqtsis
872 1107 915 1158 per
936 1088 1049 1153 flurium,
1069 1087 1142 1142 multi
1163 1087 1291 1142 civitatem
1313 1087 1492 1157 ingredientes,
1512 1104 1563 1140 nou
1576 1093 1616 1156 Bp.
1630 1109 1665 1154 m,
1677 1113 1701 1156 p.
1717 1096 1764 1156 30⁶

538 1164 666 1220 modicum
680 1168 716 1220 his
732 1168 775 1237 qui
787 1169 812 1222 in
825 1169 925 1222 civitate
937 1181 1008 1222 erant
1020 1167 1182 1224 conterebam
1196 1167 1318 1222 solatium.
1334 1168 1417 1222 Nostri
1430 1185 1498 1234 rero,
1511 1178 1564 1220 rete

538 1262 659 1313 magnum
681 1265 711 1300 ex
729 1249 865 1304 transverso
883 1249 991 1304 fluminis
1008 1249 1194 1316 protendentes,
1218 1248 1277 1302 nui
1292 1247 1426 1316 piscatores
1442 1247 1563 1302 romum

540 1323 650 1392 (Matth,
665 1343 705 1392 tv,
728 1328 784 1396 19),
802 1329 955 1384 transeuntes
972 1331 1123 1382 sarracenos
1134 1329 1284 1397 capiebant·
1294 1329 1350 1380 Iam
1363 1343 1433 1392 vero,
1444 1327 1564 1380 omnibus
1577 1350 1598 1394 p.
1609 1333 1661 1379 aaa

538 1402 589 1458 sere
598 1407 736 1472 attentatis,
749 1407 808 1476 quid
822 1407 928 1477 amplius
938 1406 1011 1460 noslri
1022 1407 1141 1472 facerent,
1153 1408 1177 1459 vi
1187 1405 1333 1476 excogitare
1345 1407 1476 1474 valebam,
1489 1406 1564 1476 longe

539 1484 605 1541 euim
614 1485 702 1539 sortior
709 1487 855 1542 eratciritar
864 1498 924 1540 tunc
933 1503 1009 1556 qoam
1022 1487 1049 1542 in
1057 1487 1180 1556 principio
1189 1486 1333 1544 obsidionis.
1344 1485 1471 1540 Dominus
1480 1499 1563 1540 autem

539 1563 671 1620 risloriam
684 1565 728 1622 sni
743 1565 788 1620 soli
801 1566 950 1632 reservabat,
970 1566 1085 1624 merirum
1106 1578 1191 1622 autem
1211 1563 1350 1618 nostrorum
1370 1565 1499 1621 laboribus
1514 1582 1563 1620 uon

539 1645 657 1714 negabat.

575 1724 723 1780 Nostrorum
744 1736 829 1780 autem
850 1727 986 1782 exercitum
1007 1726 1074 1782 circa
1087 1727 1232 1782 Damietam
1249 1723 1447 1781 intribulatione
1458 1723 1564 1794 pofitum
1579 1738 1655 1798 otis,
1666 1756 1689 1801 1,
1704 1753 1768 1798 ¹4¹3

539 1804 595 1874 posi
612 1803 777 1859 miserabilem
797 1803 917 1860 utrumn
936 1823 1012 1875 quam
1034 1806 1059 1856 in
1079 1805 1119 1858 die
1138 1803 1320 1862 Decollationia
1341 1803 1418 1860 saneti
1436 1804 1566 1860 iohannis·

541 1881 650 1952 Baptisie
663 1897 818 1952 receperant,
834 1886 968 1950 Dominus,
980 1885 1022 1954 qui
1035 1901 1086 1936 non
1099 1883 1251 1936 obliviscitur
1265 1883 1381 1950 misereri,
1396 1902 1441 1942 nee
1454 1885 1565 1939 continet

540 1963 564 2014 in
577 1961 613 2016 ira
623 1962 799 2017 misericordias
812 1965 875 2028 suas,
887 1964 1016 2034 quiessem
1029 1965 1054 2015 in
1065 1963 1226 2020 tribulatione
1235 1977 1339 2032 peccata
1351 1964 1464 2030 dimittit,
1477 1963 1566 2036 digna·

540 2054 580 2093 tus
601 2041 635 2094 est
657 2040 787 2106 consolari,
806 2043 900 2095 ludium
914 2061 1000 2096 eorum
1019 2054 1167 2095 convertens
1179 2043 1204 2095 in
1217 2044 1347 2114 gaudium,
1365 2044 1389 2095 st
1406 2061 1528 2096 merorem
1540 2043 1566 2095 in

540 2120 652 2174 letitiam.
672 2123 738 2173 Nam
757 2123 919 2194 compluries
937 2141 980 2176 eos
995 2121 1178 2192 impugnassent
1193 2123 1359 2176 sarraceni&
1375 2122 1434 2175 nihii
1451 2122 1566 2192 profecis-

541 2201 603 2268 sent,
626 2201 659 2251 ad
676 2200 745 2253 solita
764 2200 805 2254 sue
821 2201 948 2270 pravitatis
960 2220 1031 2254 arma
1044 2214 1205 2267 recurrentes,
1228 2203 1310 2254 verbis
1323 2201 1385 2256 fietis
1399 2204 1423 2254 st
1437 2201 1565 2256 nitadbm
1602 2265 1607 2278 Ι

541 2277 634 2331 nostros
659 2279 773 2350 decipere
793 2292 960 2334 tentaverunt.
985 2283 1051 2334 Nam
1076 2281 1198 2334 Soldanus
1218 2280 1368 2352 Babylonis,
1393 2283 1429 2334 ob
1454 2299 1565 2334 antomm
1580 2296 1657 2354 oliv„
1670 2313 1693 2358 11,
1707 2309 1771 2354 ¹4¹4

541 2359 659 2412 Damiete
668 2359 803 2424 retinende,
816 2360 881 2413 hanc
892 2360 999 2414 formam
1010 2361 1077 2431 pacis
1090 2360 1176 2412 nostris
1189 2361 1291 2426 obtulit,
1303 2373 1331 2413 ut
1342 2377 1443 2413 cnrcem
1456 2361 1565 2414 sannam

541 2455 598 2491 cum
611 2438 712 2491 civitate
723 2441 748 2491 st
761 2440 877 2492 omnibus
897 2440 1001 2511 captivis
1023 2441 1067 2509 qui
1084 2457 1128 2509 per
1140 2457 1245 2509 regnum
1260 2441 1399 2510 Babylonis
1412 2439 1566 2494 &Damasci

541 2516 638 2589 possent
658 2519 707 2570 riri
727 2519 835 2588 reperiri,
857 2521 968 2589 sumptus
987 2521 1063 2572 etiarn
1086 2520 1119 2571 ad
1138 2519 1289 2589 reparandos
1312 2536 1396 2572 muros
1413 2519 1566 2575 liienrsalem

541 2598 665 2663 redderet,
687 2599 711 2649 δι
732 2615 837 2666 regnum
856 2599 1010 2652 Hierusalem
1030 2598 1140 2652 totaliter
1163 2598 1301 2651 restitueret
1319 2610 1402 2668 preter
1421 2599 1530 2652 Crocum
1542 2601 1567 2652 sa

544 2679 664 2730 Montem
677 2678 796 2746 regalem,
807 2694 857 2745 que
870 2678 924 2730 sunt
937 2679 988 2730 duo
1002 2678 1078 2730 castre
1093 2675 1188 2730 civitati
1203 2675 1357 2730 Hierusalem
1372 2677 1462 2742 ticina,
1474 2677 1566 2748 septem

542 2756 693 2808 munitiones
713 2756 858 2808 firmissimas
877 2758 1003 2822 habentia,
1024 2775 1067 2827 per
1087 2774 1137 2826 que
1149 2757 1324 2825 negociatores
1337 2759 1566 2810 sarracenorum&

542 2835 666 2906 peregrini
681 2835 789 2904 ipsorum
799 2837 917 2888 Mecham
930 2838 1061 2889 rendentes
1074 2837 1156 2889 veleb
1169 2854 1198 2889 ea
1207 2849 1360 2890 revertentes
1373 2836 1473 2890 transire
1482 2838 1567 2891 solent.

543 2921 618 2971 Hanc
631 2914 837 2984 compositionem
852 2933 909 2968 cum
925 2917 1027 2985 quidam
1037 2928 1206 2986 acceptarent,
1221 2917 1245 2968 dr
1259 2916 1300 2983 aiij
1315 2930 1457 2984 renuerent,
1470 2917 1568 2987 legatus

542 3014 600 3051 cum
622 2994 770 3065 patriarcha,
792 2995 989 3066 archiepiscopis,
1011 2995 1131 3066 episcopis
1149 2995 1310 3047 &omnibus
1331 2997 1403 3048 italie
1423 2997 1569 3066 capitaneis,

542 3077 601 3130 huic
611 3073 728 3126 tractatui
743 3073 767 3126 se
779 3075 902 3144 opposuit,
918 3075 1097 3128 rationabiliter
1109 3075 1238 3127 oslendens
1253 3086 1312 3127 ante
1325 3075 1410 3127 omnia
1423 3076 1568 3129 Darnietam

543 3156 597 3210 lore
617 3153 777 3224 capiendam,
797 3171 896 3208 crucem
914 3173 974 3207 vero
991 3155 1099 3208 sensiam
1116 3154 1185 3208 nullo
1200 3155 1277 3208 modo
1290 3171 1333 3218 eos
1346 3155 1420 3207 nostri
1432 3157 1569 3210 credebant

543 3237 644 3301 habere,
656 3251 713 3286 cum
728 3232 860 3286 Saladinur
872 3237 896 3288 ἃ
909 3235 950 3303 aiij
964 3235 1102 3298 Sarraceni,
1117 3246 1261 3304 recuperata
1274 3251 1288 3286 a
1303 3233 1391 3286 nostrie
1402 3237 1496 3289 Accon
1509 3237 1569 3289 ciri·

543 3329 605 3381 rate,
626 3312 764 3384 quesissent
782 3331 837 3366 eam
849 3313 1037 3383 diligentissime,
1059 3325 1086 3365 ut
1102 3313 1215 3382 capriros
1237 3313 1293 3365 suos
1314 3313 1458 3382 liberarent,
1479 3319 1568 3370 &non

543 3408 679 3466 potuerunt
691 3395 808 3448 invenire.

578 3476 670 3530 Videns
686 3474 763 3544 igitur
787 3475 908 3528 Soldanus
929 3474 954 3526 in
977 3475 1068 3544 laqueo
1088 3491 1164 3543 quem
1181 3473 1268 3526 nolitis
1282 3473 1388 3526 tetendit
1403 3473 1489 3526 senon
1501 3473 1569 3544 posse

544 3557 672 3630 proficere,
686 3572 767 3607 noros
780 3554 804 3607 in
818 3554 918 3607 civitate
930 3553 1044 3607 clanculo
1057 3553 1120 3605 misit
1133 3565 1295 3623 pugnatores,
1309 3571 1339 3605 ex
1354 3552 1446 3623 quibus
1458 3555 1569 3608 nonnulii

545 3656 560 3689 a
573 3635 660 3688 nolitis
677 3634 743 3704 capti
760 3634 815 3686 sunt
832 3636 856 3686 ἃ
872 3633 952 3686 occis.
975 3632 1095 3686 Proxima
1110 3633 1185 3702 igitur
1203 3633 1309 3685 secunda
1334 3631 1395 3684 feria
1409 3633 1464 3701 post
1479 3633 1568 3685 lelium
1582 3643 1765 3710 0111,p,1415

447 3732 505 3778 Nor.
517 3742 534 3790 4
544 3715 657 3770 omniurn
676 3714 835 3781 Samiorum,
858 3715 890 3766 de
909 3713 1009 3766 consilo
1022 3712 1124 3783 Spiritus
1137 3713 1254 3764 Sansii&
1270 3710 1369 3764 solertia
1381 3710 1465 3781 legati,
1487 3712 1569 3766 nsedia

545 3798 620 3850 noste
635 3797 668 3849 ad
687 3795 823 3864 quamdam
837 3807 936 3864 portam
955 3792 1061 3846 civitatis
1082 3791 1143 3844 miili
1156 3793 1210 3844 sunt
1223 3791 1268 3843 riri
1284 3789 1382 3858 strenui,
1405 3803 1434 3842 ut
1448 3792 1481 3844 de
1498 3793 1570 3862 gestu

544 3876 693 3929 inclusorum
713 3874 881 3945 explorarem3
902 3875 925 3925 δι
947 3889 1005 3925 cum
1027 3871 1152 3924 neminem
1169 3871 1269 3940 sigism
1293 3869 1476 3940 comperissem,
1499 3873 1568 3925 scalis

546 3955 662 4027 appositis
676 3971 761 4008 muros
774 3954 943 4017 ascendentes,
956 3963 1040 4024 portas
1054 3951 1245 4018 succenderunt,
1258 3953 1283 4003 ὅτ
1292 3951 1351 4020 quia
1363 3967 1458 4020 paucos
1471 3950 1570 4006 invene-

547 4048 604 4089 runt
617 4034 759 4100 resistentes,
770 4033 871 4104 impune
881 4033 1007 4086 civitatem
1020 4041 1214 4101 occupaverunt.
1228 4031 1267 4083 Sic
1277 4030 1412 4096 Dominus,
1425 4029 1570 4086 miraculose

547 4115 635 4171 nolitis
646 4115 745 4168 tradens
766 4114 904 4180 civitatem,
927 4113 1033 4184 gloriam
1052 4112 1123 4165 suam
1141 4112 1212 4166 alteri
1234 4127 1285 4162 noo
1296 4110 1382 4176 dedit3
1405 4112 1526 4180 quosdam
1539 4132 1570 4168 ea

548 4195 634 4252 nosiris
647 4195 688 4265 qui
703 4195 827 4266 propriam
841 4194 946 4264 gloriam
960 4194 1108 4263 querebant,
1124 4195 1149 4246 sc
1161 4193 1218 4246 ideo
1231 4193 1383 4246 contensiose
1395 4192 1459 4246 inter
1472 4192 1495 4245 se
1510 4210 1570 4262 age·

548 4281 610 4331 bant
619 4278 689 4347 super
701 4275 780 4345 spoliis
794 4280 818 4331 u
832 4274 1023 4346 participatione
1034 4272 1150 4340 civitatis,
1161 4272 1208 4328 hac
1220 4271 1300 4344 gloria
1314 4288 1384 4326 more
1397 4274 1441 4326 suo
1454 4271 1568 4343 privarit.
