3656 5648
586 527 637 656 56
697 528 932 666 Testimonia
953 535 994 628 in
1015 531 1182 670 Magna
1203 538 1305 632 Brit.
1318 538 1500 668 scripta.

504 801 563 849 1²18
576 801 685 854 fluminis
704 800 766 868 Nili,
784 803 819 854 ita
838 812 865 853 ut
878 803 986 856 tentoria
1007 803 1118 857 sideliurn
1136 822 1194 857 cum
1208 804 1357 860 vidualibus
1369 808 1394 860 δι
1407 807 1482 860 armit
1495 809 1519 860 dt
1533 809 1600 861 omni

576 883 715 953 supellesiili
728 882 800 934 nimia
813 882 949 951 dampnose
962 883 1088 936 snbvertit.
1113 886 1170 944 Que
1183 887 1315 955 tempellaa
1330 887 1396 939 adeo
1407 885 1531 955 generalia
1545 887 1601 952 suit,

575 965 643 1035 quod
665 976 718 1016 tam
731 975 814 1033 parter
835 961 971 1016 occidentis
984 980 1061 1032 quam
1074 963 1185 1029 orientis,
1205 967 1274 1033 quod
1296 968 1330 1020 eli
1351 966 1503 1032 inauditum,
1522 967 1599 1021 borri-

576 1042 656 1096 biiiter
670 1043 821 1098 exturbavit.

933 1225 1085 1311 Ohſsdemr
1099 1226 1252 1290 Danriata.

613 1414 733 1479 Eodem
750 1429 889 1495 tempore
905 1409 1053 1494 Pelagius,
1074 1410 1240 1494 apostolice
1256 1409 1330 1474 sedis
1346 1410 1472 1496 legatus,
1493 1413 1598 1486 ardens
1610 1439 1635 1484 p
1647 1436 1697 1484 232

572 1504 687 1568 habens
702 1502 882 1570 desiderium
897 1503 1051 1565 civitatem
1069 1500 1213 1564 Damiate
1228 1500 1392 1580 obfidendi,
1410 1501 1598 1566 Christianos

574 1593 641 1676 post
653 1593 829 1676 captionem
840 1592 941 1670 turris,
955 1591 993 1654 de
1005 1613 1066 1673 qua
1077 1589 1188 1652 bonam
1205 1587 1285 1672 spem
1297 1607 1516 1672 conceperunt,
1531 1590 1598 1654 dili-

573 1699 679 1765 genter
693 1681 911 1744 exhortabatur
931 1680 968 1742 ad
985 1679 1051 1742 Nili
1073 1679 1206 1742 sluminis
1226 1675 1382 1762 transitum
1389 1705 1399 1755 3
1420 1701 1513 1762 quem
1525 1681 1598 1742 tum

574 1770 706 1833 maxima
720 1765 898 1833 difficultate
910 1767 1103 1844 mseuntes,
1119 1765 1241 1828 tandem
1252 1766 1406 1830 civitatem
1418 1766 1599 1832 obsederunt

575 1879 627 1941 per
641 1860 742 1942 girum
763 1861 805 1922 ita
819 1858 901 1942 quod
924 1878 981 1919 nec
1003 1877 1057 1938 per
1071 1870 1183 1917 terram
1198 1875 1255 1916 nec
1279 1875 1331 1937 per
1352 1875 1434 1919 mare
1455 1872 1599 1939 poterunt

574 1946 676 2011 obseffi
698 1946 836 2012 succursu
856 1944 1008 2032 gratulari.
1030 1940 1065 2005 In
1087 1965 1147 2027 qua
1168 1941 1324 2006 obsidione
1345 1943 1477 2026 impetus
1499 1945 1599 2029 super-

573 2037 761 2100 venientium
782 2037 1014 2100 Sarracenorum
1029 2031 1059 2095 iz
1073 2029 1169 2115 prelia
1183 2030 1434 2110 Christianorum,
1455 2054 1516 2115 que
1535 2033 1599 2116 spe-

573 2125 665 2190 ciales
693 2126 817 2210 exigunt
844 2124 997 2202 tradatur,
1025 2118 1046 2183 st
1075 2121 1143 2204 quis
1171 2120 1276 2183 audire
1307 2119 1463 2200 desiderat,
1488 2121 1599 2186 librum

572 2213 707 2296 requirat
720 2211 982 2296 Templariorum.

677 2405 725 2468 De
736 2405 820 2489 peste,
834 2427 891 2486 qua
905 2401 1204 2488 affligebantatrincsufl
1215 2403 1245 2465 in
1259 2403 1329 2465 urbe
1342 2403 1495 2467 Damiata.

608 2585 683 2639 Nunc
696 2595 781 2638 autem
795 2581 896 2649 debila,
915 2601 964 2652 que
977 2581 1002 2634 in
1018 2580 1120 2636 civitate
1133 2581 1251 2634 Damiate
1266 2581 1335 2649 gella
1350 2581 1411 2646 sunt,
1430 2581 1523 2652 aliquid
1536 2583 1600 2638 rese-
1612 2603 1634 2650 p.
1648 2601 1698 2650 ²34

573 2683 664 2718 ramur,
676 2665 796 2718 Damiata
810 2663 885 2734 igitur
897 2662 1025 2716 obsdione
1037 2661 1114 2732 longa
1126 2661 1151 2714 δι
1163 2659 1294 2730 irrequieta
1307 2660 1382 2726 semo,
1400 2661 1476 2728 same,
1491 2663 1598 2719 flammia

572 2743 745 2814 &pestilentia
766 2743 877 2814 graviter
894 2743 994 2795 &ultra
1013 2759 1090 2811 quam
1112 2741 1179 2794 credi
1199 2740 1270 2811 possit
1293 2753 1336 2793 aut
1359 2740 1440 2804 scribi,
1466 2744 1551 2798 attrita
1564 2747 1598 2800 est

572 2823 674 2876 interius
691 2825 715 2875 dr
732 2823 840 2888 afflisia,
862 2823 887 2875 in
905 2824 946 2892 spe
964 2823 1012 2874 sola
1026 2823 1101 2875 fidem
1119 2821 1215 2886 babuit,
1236 2821 1304 2890 quod
1324 2823 1447 2874 Soldanua
1471 2824 1599 2878 Babilonia

572 2902 668 2956 civibus
685 2916 752 2957 cette
764 2903 884 2973 promifit,
904 2915 933 2955 ut
945 2919 991 2972 pto
1004 2902 1048 2967 eis,
1067 2901 1084 2954 sr
1096 2913 1168 2954 tanta
1182 2899 1279 2953 instaret
1293 2900 1430 2968 neceslitaa,
1444 2921 1501 2955 curn
1517 2905 1599 2958 Chris·

572 2981 644 3035 tianis
664 2995 835 3055 componeret,
856 2995 884 3036 ut
904 2982 989 3036 saltem
1003 2993 1111 3034 mortem
1134 2981 1239 3034 evadere
1261 2979 1406 3049 potuissent.
1431 2981 1479 3036 Sed
1500 2983 1598 3036 interim
1733 2981 1739 2990 '

571 3071 643 3113 tanta
656 3059 735 3114 santet
749 3062 772 3114 in
786 3063 847 3114 urbe
858 3059 1006 3130 generaliter
1018 3057 1131 3118 invaluit,
1149 3073 1177 3111 ut
1193 3075 1271 3110 unum
1285 3059 1417 3112 cosianum
1431 3060 1474 3128 xij.
1487 3063 1599 3116 bisanciis

573 3142 729 3194 venderetur.
752 3143 867 3194 Annona
881 3140 992 3210 quidem,
1012 3157 1089 3209 quarn
1103 3139 1251 3201 habuerant,
1273 3156 1375 3192 mucore
1397 3139 1600 3203 consumebatur,

571 3237 618 3272 nee
626 3221 755 3274 audebant
767 3237 890 3290 pauperes
905 3218 980 3285 exire,
992 3237 1023 3270 ne
1035 3217 1154 3287 inopiam,
1168 3234 1244 3282 quarn
1254 3217 1337 3269 inclusi
1351 3219 1501 3286 tolerabant,
1516 3221 1600 3274 Cbris·

572 3299 645 3351 tianis
655 3312 804 3353 enarrarent.
820 3299 936 3352 Preterea
946 3297 1033 3350 aurisia
1043 3297 1254 3367 percutiebantur,
1267 3315 1298 3350 ne
1308 3297 1400 3364 apertis
1412 3300 1491 3352 oculis
1501 3300 1599 3372 possent

572 3378 664 3432 videre.
690 3381 809 3433 Ceterum
832 3377 904 3432 Nilus
923 3395 972 3430 non
991 3391 1051 3430 tunc
1064 3377 1183 3442 ascendit,
1204 3387 1231 3428 ut
1244 3389 1335 3428 terram
1349 3376 1462 3448 irrigaret
1475 3379 1500 3432 8ι
1513 3380 1599 3434 secun·

570 3457 653 3522 daret,
674 3470 701 3511 ut
719 3459 848 3510 annuatim
866 3457 972 3512 solebatr
997 3458 1063 3510 unde
1079 3470 1144 3510 tetra
1164 3455 1227 3508 sicca
1246 3472 1291 3509 nec
1310 3455 1334 3508 se
1352 3455 1420 3526 pasl'a
1434 3457 1468 3511 esi
1482 3460 1546 3512 arari
1559 3462 1597 3514 vel

572 3536 694 3602 seminati,
709 3555 755 3590 nec
767 3537 855 3590 habuit
868 3537 905 3590 vel
920 3537 986 3606 pacis
997 3537 1035 3590 vel
1045 3535 1155 3589 humoris
1169 3535 1314 3588 alimentum
1328 3536 1366 3587 vel
1382 3537 1505 3590 solatium.
1522 3541 1598 3594 Unde

572 3617 696 3671 Soldanur
709 3617 801 3670 samem
815 3617 904 3670 timens
917 3617 1034 3681 validam,
1054 3633 1140 3668 amore
1151 3615 1279 3669 retinende
1293 3616 1421 3684 Damiate,
1441 3635 1497 3672 curn
1514 3619 1598 3673 Cbris·

571 3697 765 3766 tianiavpacisice
786 3714 938 3768 componere
961 3697 1099 3768 satagebat.
1125 3695 1209 3748 Auxit
1230 3694 1305 3748 etiam
1325 3697 1358 3747 ad
1371 3697 1524 3766 propositum
1538 3700 1598 3766 tale,

572 3777 706 3830 secundum
722 3789 818 3848 partem
834 3794 883 3830 non
896 3776 1034 3842 minimam,
1049 3773 1195 3828 miraculosa
1212 3775 1285 3828 turris
1306 3775 1457 3846 subiugatio,
1478 3780 1598 3833 &Chris-

571 3857 696 3912 tianorum
713 3858 830 3912 indefessa
839 3857 960 3927 preliandi
972 3855 1120 3921 constantia,
1133 3857 1175 3925 qui
1188 3855 1282 3908 totiena
1295 3872 1352 3908 eum
1363 3857 1501 3910 admodum
1512 3861 1597 3930 paucis

571 3937 685 3990 fidelibus
697 3956 799 3992 omnem
817 3937 957 4009 paganismi
969 3935 1141 3990 fortitudinem
1159 3935 1277 3988 audaner
1296 3934 1451 4004 invadentes,
1470 3938 1502 3991 de
1519 3941 1597 4010 prelio

571 4017 651 4070 multa
662 4017 730 4070 milia
750 4037 781 4070 ex
793 4017 828 4070 eis
841 4017 992 4086 fugaverunt
1011 4029 1055 4068 aut
1068 4027 1232 4084 peremerunt.
1258 4018 1316 4068 Hoc
1331 4035 1432 4088 quoque
1445 4036 1520 4086 anno,
1538 4037 1596 4072 cum

571 4095 599 4148 lia
612 4097 749 4167 dampnosa
762 4111 831 4150 mota
845 4093 904 4150 esset
916 4097 980 4150 inter
993 4095 1120 4149 ecclesiam
1130 4095 1328 4148 lincolniensem
1338 4097 1362 4149 dr
1374 4097 1501 4151 ecclesiam
1514 4100 1597 4154 santn

570 4175 669 4228 Albani
682 4177 753 4245 super
766 4177 884 4230 vicariam
897 4176 929 4228 de
940 4176 1057 4242 Luitona,
1071 4177 1136 4230 fabia
1150 4177 1184 4229 eli
1197 4174 1343 4244 compositio
1359 4175 1472 4246 pacitica,
1483 4189 1597 4248 tempore
1609 4207 1633 4252 p.
1645 4203 1693 4252 ²³⁵

571 4252 679 4324 episcopi
698 4256 815 4327 lingonis
837 4255 939 4324 segundi
962 4256 1138 4309 sirminensi
1155 4254 1294 4308 &abbatia
1308 4255 1431 4309 Willelrni
1452 4257 1484 4310 de
1505 4259 1597 4318 Sanslo

572 4333 685 4388 Albano.
