3726 5628
544 532 638 623 145.
673 498 870 592 lohannes
892 496 1065 592 Herold.
1228 531 1312 623 205

292 765 407 849 Syriam
421 763 530 842 versus,
550 764 655 826 omnia
668 765 700 826 in
716 779 781 827 tuto
797 762 898 827 essent.
919 762 987 826 Hec
1002 763 1146 846 equidem
1160 765 1317 850 sententia,
1333 790 1389 824 1²21

292 873 394 936 regem
421 873 484 916 non
505 853 671 914 admodum
702 853 885 915 renitentem
912 851 1028 930 habuit,
1062 852 1112 914 cui
1147 853 1318 938 videbatur,

292 942 415 1004 colonia
436 941 571 1019 inducta,
594 942 759 1016 exmercitu
785 942 815 1012 in
841 939 1160 1024 §priam-,dpcipqsse
1181 947 1318 1008 unanimi

292 1028 444 1092 consensu.
473 1029 543 1092 Nec
571 1029 722 1111 displicuit
754 1030 853 1112 legato
882 1029 990 1091 Bavari
1019 1027 1189 1110 consilium,
1202 1011 1317 1116 ffiem
1359 1066 1371 1084 «ψ
1398 1037 1467 1093 -Ἣ
1575 1053 1616 1124 ,4

291 1106 519 1195 sitidlatebat,
542 1134 594 1180 aut
617 1140 688 1180 cum
710 1118 843 1180 Barbaro
859 1117 1120 1201 congrediendum
1145 1119 1221 1200 fore,
1245 1123 1317 1185 dum

292 1222 420 1269 conatus
443 1207 616 1270 nostrorum
638 1207 786 1289 impedire
807 1205 909 1285 vellet,
930 1223 982 1268 aut
1002 1206 1125 1268 colonia
1144 1206 1318 1290 &presidio

293 1295 406 1379 positis,
439 1297 615 1378 cupidinem
643 1293 796 1358 invasuros
824 1295 941 1358 nostros
967 1291 1124 1358 obsidendi
1152 1296 1321 1379 Chayrum,
1366 1333 1368 1337 ·

293 1406 385 1469 quam
400 1383 560 1466 prospedlu
575 1385 771 1446 intuerentur.
794 1397 905 1448 Decreto
915 1395 1001 1464 itaque
1014 1395 1145 1464 publicato
1158 1397 1225 1465 plebi
1238 1397 1320 1450 divet-

86 1479 339 1547 Oliver.SrloIafl.sus·
354 1477 400 1529 fuit
414 1476 521 1541 animus,
543 1475 604 1528 &in
623 1475 719 1546 Syriam
746 1476 825 1544 magis
849 1475 992 1544 propensus,
1016 1487 1100 1527 tamen
1125 1493 1182 1528 cum
1208 1477 1320 1531 viderent

95 1568 118 1612 P·
133 1549 266 1608 ¹42⁸·1439
294 1557 406 1620 universi,
419 1556 529 1624 legatum
543 1555 662 1607 sententie
675 1555 793 1618 inherere,
806 1555 909 1623 iureque
922 1553 1075 1608 sacrosancte
1089 1556 1224 1623 potestatis,
1239 1559 1318 1610 Bren-

294 1655 352 1690 nam
380 1653 481 1705 regem,
511 1636 635 1687 Bavarum
661 1637 684 1687 dc
709 1647 807 1688 ceteros
838 1636 924 1699 duces,
956 1634 1162 1702 persuasionibus,
1195 1637 1321 1704 precibus,

295 1714 415 1784 minisque
431 1713 509 1782 adigi,
533 1714 692 1784 execratique
713 1731 780 1778 eum,
802 1714 844 1782 qui
865 1714 933 1764 diuo
955 1713 1139 1766 inobedientem
1154 1714 1178 1766 se
1190 1716 1319 1783 prestaret.

296 1793 354 1848 Eid.
369 1793 520 1853 Quintilibus
540 1794 572 1844 ad
594 1793 749 1863 septuaginta
767 1794 897 1846 hominum
923 1793 1006 1859 millia,
1027 1812 1057 1846 ex
1071 1796 1131 1846 urbe
1144 1809 1321 1864 prorumpunt,
1335 1795 1377 1842 lul·
1393 1805 1417 1854 ¹5

295 1875 320 1928 in
340 1874 435 1926 hostem
452 1874 519 1926 ituri.
542 1874 667 1926 Barbarus
686 1874 821 1926 incertum
840 1891 900 1925 vero
922 1891 955 1925 an
968 1873 1082 1925 simulato
1096 1885 1173 1940 metu,
1187 1892 1239 1944 quo
1251 1893 1322 1930 com·

296 1955 401 2006 modum
423 1953 563 2018 videbatur,
588 1953 682 2024 semper
711 1954 826 2018 cedebat,
851 1971 901 2023 qua
926 1971 951 2006 te
979 1952 1057 2021 legati
1084 1953 1171 2018 letitia,
1197 1957 1322 2008 omnium-

296 2051 345 2104 que
359 2035 411 2103 spes
425 2034 563 2086 admodum
583 2035 656 2086 aucta
673 2034 721 2087 est:
740 2045 816 2103 atque
833 2051 883 2102 que
895 2033 959 2085 inter
971 2033 1111 2102 Chayrum,
1124 2034 1323 2106 Damiatamque

296 2126 420 2183 occupata
432 2114 524 2166 omnia.
541 2113 692 2166 Pometiam
704 2114 807 2178 navalis,
819 2112 968 2182 quoNilum
982 2113 1113 2164 traiecerat
1126 2113 1209 2178 hostis,
1223 2115 1323 2168 duobus

297 2193 415 2264 presidiis,
432 2193 458 2245 in
472 2207 576 2262 utraque
598 2194 650 2263 ripa
667 2193 816 2259 constitutis,
838 2193 997 2262 expugnatis,
1017 2191 1152 2244 interfectis
1170 2195 1323 2262 custodibus,

298 2273 421 2343 recipitur.
446 2273 540 2326 Castris
560 2273 635 2342 igitur
657 2273 755 2338 locatis,
777 2273 846 2342 operi
866 2273 942 2324 nostri
961 2272 1051 2340 partim
1065 2272 1164 2338 instant,
1186 2273 1277 2342 partim
1291 2276 1323 2327 ad

299 2353 429 2424 Chayrum
452 2352 528 2423 usque
550 2353 729 2422 procursantes,
751 2353 888 2421 segnitiem,
909 2351 1035 2421 ignauiam
1050 2351 1245 2406 &timiditatem
1261 2354 1324 2406 holli

297 2431 390 2484 incluso
404 2433 570 2499 exprobrant;
595 2431 609 2482 fi
629 2431 672 2484 viri
686 2429 772 2496 essent,
787 2431 924 2501 prodirent,
937 2448 1024 2482 manus
1039 2431 1203 2495 consererent,
1222 2449 1286 2501 quos
1299 2431 1324 2482 in

298 2510 399 2580 speculis
413 2510 506 2574 vident,
528 2510 667 2563 hortantur.
689 2513 729 2562 At
743 2512 849 2564 Barbari
860 2511 884 2562 in
897 2529 927 2564 ea
941 2515 1010 2577 urbe,
1026 2511 1051 2562 in
1066 2510 1131 2563 bello
1144 2524 1227 2575 nator,
1239 2511 1325 2576 sortes,

297 2607 327 2642 ac
340 2589 421 2660 spoliis
434 2588 542 2642 assuetos
555 2590 645 2642 milites
655 2591 852 2658 collocaveranq
866 2591 908 2660 qui
919 2589 1037 2644 fiduciam
1051 2591 1189 2642 nostrorum
1201 2591 1326 2655 ridebant,

297 2687 327 2722 ac
346 2670 488 2722 cundtando
511 2670 643 2740 perniciem
665 2671 750 2722 nostris
768 2671 982 2722 machinabantur.
1004 2671 1071 2722 Nam
1093 2671 1154 2724 dum
1174 2669 1326 2736 edificando,

299 2749 573 2819 circumvolitandoque
592 2751 644 2802 dies
661 2769 675 2802 e
692 2751 732 2802 die
753 2750 863 2816 ducitur,
884 2749 1037 2804 ludificando
1050 2752 1178 2804 Barbarus
1191 2751 1286 2802 nostros
1299 2753 1324 2804 in

298 2828 432 2881 secundum
452 2829 530 2882 serme
542 2831 592 2880 iam
605 2831 713 2882 mensem
731 2830 880 2894 detinuerat,
894 2847 960 2882 nunc
975 2849 1005 2882 ex
1025 2831 1118 2895 castris,
1138 2847 1204 2882 nunc
1222 2849 1253 2883 ex
1266 2833 1327 2884 urbe

298 2908 393 2959 nostros
407 2908 592 2961 velitationibus
606 2927 705 2978 urgens,
726 2926 757 2962 ac
770 2910 804 2962 ita
818 2912 851 2962 ad
870 2909 905 2962 sui
918 2924 1092 2979 contemptum
1106 2911 1236 2980 pertraxit,
1257 2913 1327 2981 quod

298 2987 381 3074 igtmsi
392 2987 517 3057 locorum,
531 3007 614 3042 rerum
629 2993 651 3054 dr
666 3003 817 3062 temporum,
829 2991 892 3044 inter
905 3009 1011 3060 aggeres
1024 2991 1084 3056 Nili,
1097 3003 1218 3060 tanquam
1231 2991 1256 3042 in
1269 3009 1327 3060 pro·

298 3069 441 3138 pugnacula
454 3068 477 3119 se
491 3070 636 3138 reciperent.
659 3071 742 3122 Hostis
756 3070 779 3122 in
797 3069 901 3124 massam
913 3071 1044 3134 deductos,
1056 3089 1116 3124 cum
1130 3089 1207 3124 omne
1216 3071 1250 3123 rei
1264 3074 1327 3124 bene

297 3147 407 3216 gerende
420 3150 597 3218 compendium
611 3163 724 3219 ereptum
738 3151 824 3203 nostris
836 3150 912 3215 videt,
926 3168 956 3203 ac
968 3152 1065 3204 nullum
1076 3151 1175 3203 virtutis
1190 3152 1327 3204 exercende

298 3227 381 3280 locum
391 3227 519 3298 superesse,
531 3230 616 3282 Nilum
626 3247 727 3282 omnem
740 3230 764 3282 in
774 3231 852 3283 castra
863 3231 1010 3294 nostrorum,
1023 3249 1072 3300 que
1082 3244 1226 3284 commeatu
1237 3231 1328 3284 referta

300 3320 369 3360 erant
389 3309 460 3376 (nam
481 3310 513 3360 ad
537 3311 631 3362 menses
653 3322 703 3362 tres
726 3328 851 3362 annonam
875 3311 958 3362 secum
971 3325 1140 3363 convexerant
1152 3311 1328 3380 sufficientem)

300 3390 398 3442 emittit,
413 3392 537 3444 Coercent
551 3391 618 3443 hunc
631 3409 731 3442 amnem
745 3391 856 3460 undique
873 3390 925 3458 ripe
939 3390 1093 3454 elevatiores,
1108 3391 1199 3444 alicubi
1212 3409 1272 3444 vero
1283 3409 1329 3462 pro

300 3471 343 3523 soli
364 3471 418 3536 situ,
438 3471 608 3540 depressiores.
628 3471 729 3524 Addita
742 3471 796 3523 sunt
808 3461 939 3523 hominum
954 3483 1108 3534 commenta,
1121 3469 1182 3522 fosse
1194 3471 1251 3524 hinc
1264 3472 1329 3526 illinc

300 3553 384 3617 dubie,
401 3551 492 3620 quibus
510 3550 638 3602 allucionis
660 3564 774 3621 tempore
799 3569 843 3620 per
861 3551 981 3619 patientia
994 3551 1128 3616 derivatur,
1148 3551 1256 3604 &Nilus
1268 3567 1329 3608 tunc

300 3632 365 3684 forte
375 3631 521 3696 increscens,
531 3631 660 3684 cataradtis
672 3632 762 3701 apertis
769 3634 792 3683 br
799 3631 887 3684 effossis
897 3630 929 3683 ad
941 3631 1046 3684 fundum
1056 3631 1114 3700 ripis
1124 3631 1174 3683 late
1183 3632 1207 3684 se
1216 3633 1329 3702 effundit,

301 3712 429 3780 regionem
443 3711 538 3764 diluvio
550 3730 651 3764 omnem
665 3729 800 3781 occupans,
814 3724 841 3764 ut
852 3712 989 3764 nostrorum
1002 3711 1088 3776 castra,
1102 3709 1176 3762 etiam
1192 3713 1234 3764 ubi
1248 3715 1328 3768 solum

302 3804 391 3844 natura
411 3804 456 3844 aut
474 3792 592 3861 congesta
614 3805 680 3844 tetra
697 3792 815 3844 elevatius
833 3805 895 3856 erat,
917 3805 1001 3844 tamen
1019 3792 1051 3844 ad
1069 3792 1147 3844 cubiti
1161 3792 1232 3844 unius
1245 3793 1331 3847 altitu·

302 3871 385 3925 dinem
399 3873 531 3941 superaret.
556 3872 669 3925 Editiora
686 3872 750 3938 loca,
775 3871 900 3940 molesque
915 3871 1021 3941 Egyptij
1036 3871 1148 3924 locorum
1161 3873 1233 3941 gnari
1252 3891 1330 3928 occu-

302 3963 374 4022 pant,
394 3970 444 4020 qua
459 3965 513 4004 arte
531 3952 660 4005 &fiducia
679 3953 702 4004 dr
721 3953 798 4005 virtus
818 3951 957 4004 nostrorum
979 3951 1052 4020 periit
1072 3952 1160 4003 omnis.
1184 3954 1286 4023 Quippe
1306 3958 1329 4008 dr

302 4033 419 4085 iumentls
433 4035 456 4084 dr
469 4033 613 4086 hominibus
633 4031 767 4086 necessaria
779 4033 865 4086 omnia
879 4032 903 4085 ui
916 4032 1026 4085 fluminis
1039 4035 1272 4101 corrumpebantur,
1284 4051 1330 4087 nec

303 4113 396 4166 salvum
416 4128 460 4166 aut
478 4113 599 4183 reliquum
612 4127 675 4179 erat,
694 4130 747 4183 quo
760 4114 797 4165 vel
815 4113 841 4166 in
854 4113 964 4166 triduum
977 4111 1051 4164 nostri
1064 4113 1262 4166 sustentarentur.
1276 4115 1331 4167 Pri-

303 4207 388 4274 vatam
399 4192 1000 4328 ςςξᾳφώιῆριρϋψρᾪμοὲίςῃῄῳ.
1023 4193 1118 4246 Aciem
1132 4193 1215 4258 hostis,
1228 4171 1330 4260 madidi,

305 4269 374 4326 mersi
384 4275 451 4339 luto,
462 4293 622 4345 nequaquam
632 4291 666 4343 po
688 4293 701 4326 e
713 4275 745 4343 p'e
791 4291 844 4326 rare
858 4273 987 4340 videbant,
1001 4290 1047 4326 nec
1060 4273 1120 4346 suge
1131 4273 1193 4329 inire
1202 4274 1258 4342 iter,
1271 4291 1330 4326 cum
