3656 5648
503 539 574 628 66.
611 534 814 629 Roberrus
837 534 1038 628 Abolani.
1216 540 1269 661 83
1348 553 1356 660 ζ

252 801 396 855 Domini&
412 801 500 855 turrim
516 799 610 854 David.
628 802 670 854 De
686 799 798 868 sepulcro
814 809 900 852 autem
911 797 1023 868 glorioso
1037 799 1186 854 destruendo
1198 801 1277 855 confi·

252 879 312 932 lium
330 881 473 935 habuerunt
485 880 626 947 Sarracenl3
646 881 687 933 sed
703 880 760 932 huic
777 879 911 932 temeritati
932 896 1007 931 nemo
1024 879 1152 950 presumit
1171 900 1276 934 manum

251 978 377 1031 apponere
389 975 491 1034 propter
503 961 666 1014 reverentiam
681 959 739 1012 loci.
761 959 829 1012 Sicut
849 959 954 1012 enimin
971 959 1114 1024 Alcorano,
1133 961 1198 1013 libro
1215 962 1276 1031 legin

250 1057 347 1106 eorum,
360 1041 476 1112 scriptum
493 1042 595 1106 habent,
616 1040 731 1108 credunt,
745 1040 884 1092 Dominum
903 1038 983 1091 lesum
1000 1037 1125 1092 Christum
1141 1040 1173 1092 de
1190 1041 1276 1094 Maria

251 1121 347 1190 virgine
360 1133 510 1192 conceptum
522 1122 547 1174 dr
560 1131 646 1173 natum
667 1119 717 1172 sune
732 1130 836 1189 peccato
849 1117 933 1172 vixisse
945 1117 1094 1187 prophetam
1108 1121 1132 1171 dr
1145 1119 1275 1190 piusquam

250 1201 415 1268 prophetam,
435 1201 648 1269 diciturleprosoe
661 1198 763 1263 curafl'e,
785 1215 859 1250 cecos
879 1197 1023 1250 illumiuaffe
1042 1215 1073 1250 ac
1094 1211 1207 1252 mortuos
1228 1201 1277 1253 sus·

250 1278 342 1346 citafl'e,
354 1283 378 1333 dr
391 1298 449 1334 eum
461 1283 493 1334 ad
508 1280 574 1334 celos
586 1279 718 1333 ascendiffe
727 1278 830 1331 firmiter
840 1277 985 1331 affecerant.
998 1278 1083 1342 Unde,
1095 1281 1198 1349 quando
1211 1293 1275 1332 tem·

250 1375 310 1427 pore
331 1371 475 1430 treugarum
500 1357 620 1430 sapienter
645 1359 753 1429 ipsorum
775 1358 953 1429 lerosolymam
974 1358 1150 1425 ascelrdebant
1175 1359 1274 1414 codices

249 1438 444 1508 Evangesioram
463 1440 506 1493 fibi
519 1437 627 1492 exhiberi
646 1437 805 1509 postulabant
817 1438 841 1490 dt
852 1437 1065 1490 osculabantur&
1084 1440 1275 1508 venerabantur,

250 1531 350 1588 propter
362 1519 509 1572 munditiam
521 1519 583 1587 legis
595 1535 672 1588 quarn
684 1516 794 1572 Christus
808 1516 904 1582 docuit,
916 1518 1058 1570 &maxime
1070 1531 1172 1589 propter
1184 1519 1274 1572 Evan-

245 1597 338 1668 gelr'um
348 1603 417 1652 Luce
427 1602 457 1666 (ι,
468 1599 527 1668 2⁶)=
541 1619 551 1646 ι
565 1596 656 1650 Mislue
667 1598 701 1650 est
711 1595 816 1650 Gabriel
828 1595 943 1666 angelus,
955 1617 966 1646 r
981 1598 1050 1667 quod
1057 1598 1147 1650 literati
1157 1598 1221 1650 inter
1231 1615 1274 1652 eos

249 1677 305 1746 sepe
323 1690 439 1748 repetunt
459 1679 484 1731 dr
503 1677 647 1730 terrasiam.
666 1678 719 1728 Lex
730 1687 816 1728 autem
830 1692 927 1742 eorum,
943 1693 1030 1746 quam,
1041 1677 1144 1730 diabolo
1156 1679 1275 1743 didlante,

250 1755 382 1810 ministerio
401 1757 466 1826 Selgi
489 1755 605 1809 monachi
617 1758 640 1808 dr
653 1755 766 1825 apostate
779 1772 809 1808 ac
821 1755 933 1821 heretici,
955 1756 1120 1810 Mahumetua
1135 1758 1274 1809 Sarracenis

248 1835 318 1888 dedit
330 1836 430 1889 arabice
442 1835 569 1906 scriptam,
584 1852 600 1887 a
615 1835 701 1904 gladio
716 1835 790 1905 cepit,
810 1853 854 1905 per
867 1835 980 1905 gladium
996 1847 1102 1902 tenetur,
1114 1837 1139 1889 dr
1152 1835 1176 1888 ln
1188 1836 1275 1906 gladio

248 1915 422 1970 terminabitur
424 1955 513 1969 .....

287 2007 408 2071 Eodem
419 2032 510 2090 anno,
524 2009 623 2072 mense
637 2007 773 2094 augusto,
787 2008 926 2072 Herveus
939 2031 1044 2074 comes
1056 2009 1089 2074 N
1092 2009 1274 2076 iverncnsrs⁶
1287 2030 1347 2088 Aug.

247 2119 265 2159 a
278 2098 413 2181 partibus
426 2100 516 2161 rediit
531 2097 739 2162 transmarinis.

48 2209 125 2268 Olim,
136 2227 160 2272 p.
174 2224 234 2270 ¹407
282 2197 364 2250 Nollri
378 2215 447 2264 vero,
464 2198 490 2251 in
502 2198 630 2252 obsidione
644 2199 761 2252 Damiete
775 2197 855 2268 potiti,
874 2209 929 2250 tota
945 2198 1022 2252 estate
1040 2199 1151 2269 captioni
1164 2197 1273 2252 civitatis

246 2293 290 2346 per
299 2276 455 2348 ingeniorum
468 2279 616 2331 eredlionem
630 2281 655 2331 dt
671 2279 829 2348 frequentem
842 2294 886 2348 per
903 2290 995 2330 terram
1007 2280 1032 2331 dr
1047 2297 1141 2348 aquam
1155 2279 1271 2331 insultum

247 2369 409 2424 vacaverunt,
422 2359 447 2411 dr
462 2375 520 2410 curu
532 2358 649 2428 predidlir
663 2357 739 2410 nostri
752 2374 855 2429 operam
867 2358 965 2426 darent,
981 2359 1117 2424 Sarraceni,
1129 2357 1272 2428 agminibus

48 2444 124 2504 Oliv,
136 2463 159 2508 p
174 2459 232 2506 ¹41¹
246 2435 317 2489 raetis
330 2438 354 2488 dr
367 2437 436 2490 bellis
445 2437 574 2504 ordinatii,
587 2438 611 2490 in
622 2455 700 2490 manu
710 2435 807 2506 potenti
818 2454 860 2490 eos
872 2437 1096 2508 impugnabant&
1108 2437 1143 2489 ita
1153 2437 1273 2490 violenter

246 2515 314 2584 quod
327 2516 403 2570 semel
422 2535 509 2570 eorum
521 2518 590 2572 liciae
602 2519 765 2585 intraverunt,
790 2535 855 2587 quoa
875 2517 962 2570 militia
976 2518 1089 2588 Templi,
1108 2518 1200 2587 quein
1217 2528 1273 2570 toto

246 2594 348 2664 negotio
369 2596 488 2650 Damiete
510 2597 590 2650 fidelis
606 2597 760 2667 dignoscitur
781 2596 903 2663 exstitiffe,
924 2614 973 2649 non
991 2609 1106 2667 potenter
1124 2597 1199 2651 eiecit
1210 2595 1241 2650 b:
1258 2616 1274 2650 a

248 2674 373 2744 proposito
385 2676 461 2730 etiam
476 2678 544 2746 quod
564 2677 716 2748 quandoque
731 2675 874 2747 proximum
889 2677 936 2730 suit
950 2677 1057 2742 effectui,
1076 2678 1172 2730 nolsroe
1191 2680 1274 2732 Sarra·

50 2764 124 2824 Olim,
136 2781 159 2827 p.
173 2778 234 2824 ¹4¹²
247 2754 301 2806 ceni
313 2759 473 2810 revocabant.
488 2757 654 2812 Considerate
667 2758 752 2827 itaque
765 2758 834 2828 quod
848 2757 896 2810 fine
911 2757 979 2810 bello
993 2757 1051 2810 esset
1063 2757 1162 2811 difficile
1175 2771 1273 2811 tanturn

246 2850 309 2903 opue
323 2835 451 2905 perticere,
461 2836 493 2890 de
506 2839 635 2890 communi
648 2837 751 2890 consilio
763 2837 887 2890 maiorum
900 2839 924 2889 δι
938 2837 1072 2903 minorum,
1083 2855 1141 2890 curn
1155 2838 1272 2892 navali&

246 2913 352 2966 terrellri
369 2917 481 2968 exercitu
498 2919 611 2987 equitum
626 2920 650 2972 dr
663 2917 786 2990 peditum,
804 2917 844 2970 die
857 2917 1036 2970 Decollationir
1054 2917 1129 2970 saneti
1144 2918 1273 2971 lohannie·

247 2995 366 3063 Baptiste,
384 2995 459 3048 nostri
476 3011 567 3050 exeunt
587 2999 620 3050 ad
637 2997 801 3068 pugnandum
819 3011 906 3050 contra
924 2997 1072 3067 Soldanum5
1091 3015 1189 3064 verum,
1206 3000 1273 3068 quia,
1286 3015 1346 3072 Aug.
1358 3028 1387 3074 29

246 3087 375 3143 tamquam
392 3075 451 3128 nihil
472 3077 597 3142 timentes,
617 3077 657 3130 sed
676 3077 701 3129 in
716 3076 863 3132 fortitudine
877 3075 920 3128 sua
932 3077 1094 3142 confidenter,
1117 3095 1167 3131 nou
1181 3096 1273 3149 propo·

245 3154 344 3206 suerunt
360 3157 444 3208 Deum
464 3170 522 3209 ante
539 3158 698 3226 conspeilum
717 3157 797 3222 suum,
821 3173 867 3210 nec
884 3173 941 3208 curn
958 3157 1075 3228 lacrymis
1091 3159 1273 3225 indevotione,

245 3233 287 3286 sed
300 3250 357 3286 cunt
375 3253 468 3306 pompa
481 3237 505 3288 dr
518 3236 634 3302 elatione,
654 3236 724 3289 multi
743 3237 818 3289 etiam
839 3249 941 3307 propter
963 3237 1058 3289 lucrum
1071 3239 1095 3288 ir
1108 3239 1271 3291 commodum
1291 3233 1296 3256 ¹

244 3314 390 3382 temporale,
404 3315 430 3366 id
443 3333 518 3385 agere
529 3316 736 3386 presumpserunt,
749 3330 880 3386 propterea
897 3316 979 3369 traditi
997 3318 1051 3369 sunt
1068 3317 1092 3368 in
1111 3335 1198 3370 manus
1211 3336 1272 3388 gen-

246 3392 319 3458 tium,
333 3394 357 3445 dt
370 3393 494 3447 dominati
507 3397 562 3448 sunt
574 3414 661 3449 eorum
674 3397 716 3467 qui
729 3397 836 3449 oderunt
850 3414 900 3449 eos.
920 3399 986 3449 Nam
1001 3398 1137 3463 sarraceni,
1149 3399 1191 3468 qui
1205 3400 1271 3468 priua

244 3471 364 3542 fugiendo
386 3473 514 3540 ceffetant,
538 3476 650 3530 videnter
672 3479 795 3549 quosdam
816 3497 847 3532 ex
872 3479 967 3544 nostrie,
995 3481 1126 3532 Romanor
1148 3479 1271 3546 videlicet,

248 3553 324 3604 elium
343 3551 398 3606 solia
417 3553 479 3608 serre
496 3573 546 3608 non
565 3557 682 3623 valentes,
705 3571 775 3629 terga
788 3571 882 3613 vertere
901 3560 1032 3612 &mirum
1052 3559 1076 3610 in
1095 3560 1201 3612 modurn
1221 3578 1270 3612 non

246 3631 347 3702 fugator
358 3632 455 3703 sugere,
469 3635 548 3689 statim
561 3637 613 3689 illos
627 3639 799 3708 persequendo
812 3641 1002 3710 subsequuntur,
1017 3641 1050 3705 dt,
1062 3639 1129 3692 ficto
1144 3639 1271 3694 hincinde

245 3711 384 3780 congreffu,
395 3713 467 3766 multi
481 3714 513 3766 de
523 3716 609 3767 nolirie
620 3717 723 3784 cadunt,
734 3735 784 3770 non
795 3731 879 3772 tamen
893 3719 943 3772 tine
953 3720 1047 3772 damno
1060 3721 1176 3790 precipue
1187 3720 1272 3773 militie

54 3791 408 3866 Oliv,p‚1413inimicorum.
429 3794 507 3847 Tunc
526 3813 557 3847 ex
574 3795 662 3848 nostris
681 3799 747 3868 capti
766 3799 865 3852 suerunt
879 3801 923 3852 viri
943 3799 1048 3868 nobiles,
1070 3800 1160 3854 eledius
1181 3801 1271 3854 Belua·

244 3870 329 3935 censis,
350 3871 470 3925 Galterur
489 3876 639 3928 camerarius
664 3877 729 3947 regis
747 3880 861 3944 Francie,
881 3879 1026 3950 &quidam
1050 3881 1091 3948 alij
1111 3881 1142 3932 de
1164 3881 1272 3934 Francia

244 3963 358 4021 potenter
376 3969 405 4004 ac
419 3953 496 4006 titulis
508 3954 592 4008 militie
603 3956 709 4026 gloriosi.
731 3959 779 4012 Die
792 3959 832 4012 illa
845 3960 967 4014 lohannes
983 3977 1024 4012 rex
1045 3962 1199 4014 Hierusalem
1215 3963 1281 4053 Vi'i'i

242 4031 297 4084 liter
311 4031 334 4084 se
346 4031 445 4100 habuit,
459 4035 588 4088 eratenim
601 4037 677 4090 armis
691 4039 811 4106 strenuus,
827 4039 877 4092 fide
888 4041 1004 4105 devotus,
1023 4041 1156 4112 prudentia
1173 4041 1280 4110 clarur;!

243 4111 338 4166 intuto
350 4113 467 4168 Damiete
481 4114 584 4186 negotio
602 4117 766 4172 sidelislirnum
786 4121 939 4174 seexhibenr
959 4121 1054 4174 serrum
1074 4121 1175 4188 Chrisli,
1196 4110 1280 4191 quemi

274 4271 293 4301 a.
313 4253 339 4300 ln
356 4253 470 4303 Chronico
482 4258 609 4306 Turonenli
620 4259 723 4306 additur:
786 4263 878 4325 Templi
898 4279 936 4310 eor
951 4263 1002 4312 inde
1022 4264 1112 4312 viriliter
1131 4271 1152 4312 de
1171 4266 1271 4314 celeriter

243 4341 295 4374 eum
304 4341 372 4374 uxore
381 4327 485 4376 sua—b.
496 4327 631 4379 lbidmrsed
642 4331 724 4380 militer
786 4332 908 4382 eiecerunt.
