<?xml version="1.0" encoding="UTF-8"?>
<!DOCTYPE html PUBLIC "-//W3C//DTD XHTML 1.0 Transitional//EN"
    "http://www.w3.org/TR/xhtml1/DTD/xhtml1-transitional.dtd">
<html xmlns="http://www.w3.org/1999/xhtml" xml:lang="en" lang="en">
 <head>
  <title>
</title>
<meta http-equiv="Content-Type" content="text/html;charset=utf-8" />
  <meta name='ocr-system' content='tesseract 3.04.00' />
  <meta name='ocr-capabilities' content='ocr_page ocr_carea ocr_par ocr_line ocrx_word'/>
</head>
<body>
  <div class='ocr_page' id='page_1' title='image "./testimoniaminor00rhgoog_0207.png"; bbox 0 0 3726 5628; ppageno 0'>
   <div class='ocr_carea' id='block_1_1' title="bbox 580 503 1481 640">
    <p class='ocr_par' dir='ltr' id='par_1_1' title="bbox 580 503 1481 640">
     <span class='ocr_line' id='line_1_1' title="bbox 580 503 1481 640; baseline 0 -38"><span class='ocrx_word' id='word_1_1' title='bbox 580 539 656 602; x_wconf 84' lang='lat'>122</span> <span class='ocrx_word' id='word_1_2' title='bbox 761 507 1000 640; x_wconf 82' lang='lat' dir='ltr'>Testimonio</span> <span class='ocrx_word' id='word_1_3' title='bbox 1022 510 1064 603; x_wconf 84' lang='lat' dir='ltr'>in</span> <span class='ocrx_word' id='word_1_4' title='bbox 1089 503 1230 602; x_wconf 80' lang='lat' dir='ltr'>Gallia</span> <span class='ocrx_word' id='word_1_5' title='bbox 1241 508 1422 636; x_wconf 80' lang='lat' dir='ltr'>scripta.</span> <span class='ocrx_word' id='word_1_6' title='bbox 1477 519 1481 528; x_wconf 85' lang='grc'><strong>’</strong></span> 
     </span>
    </p>
   </div>
   <div class='ocr_carea' id='block_1_2' title="bbox 569 773 1692 2628">
    <p class='ocr_par' dir='ltr' id='par_1_2' title="bbox 569 773 1692 2628">
     <span class='ocr_line' id='line_1_2' title="bbox 570 773 1595 858; baseline 0.003 -24"><span class='ocrx_word' id='word_1_7' title='bbox 570 793 642 835; x_wconf 90' lang='lat' dir='ltr'>cum</span> <span class='ocrx_word' id='word_1_8' title='bbox 657 773 688 835; x_wconf 87' lang='lat' dir='ltr'>in</span> <span class='ocrx_word' id='word_1_9' title='bbox 703 773 823 838; x_wconf 79' lang='lat' dir='ltr'>diversis</span> <span class='ocrx_word' id='word_1_10' title='bbox 838 775 970 858; x_wconf 88' lang='lat' dir='ltr'>partibus</span> <span class='ocrx_word' id='word_1_11' title='bbox 981 775 1194 858; x_wconf 73' lang='lat' dir='ltr'>prediceretur,</span> <span class='ocrx_word' id='word_1_12' title='bbox 1203 775 1264 838; x_wconf 90' lang='lat' dir='ltr'>visa</span> <span class='ocrx_word' id='word_1_13' title='bbox 1278 777 1333 838; x_wconf 87' lang='lat' dir='ltr'>fuit</span> <span class='ocrx_word' id='word_1_14' title='bbox 1348 775 1511 838; x_wconf 86' lang='lat' dir='ltr'>manifeste.</span> <span class='ocrx_word' id='word_1_15' title='bbox 1525 775 1595 838; x_wconf 88' lang='lat' dir='ltr'>Nec</span> 
     </span>
     <span class='ocr_line' id='line_1_3' title="bbox 570 861 1596 948; baseline 0.003 -26"><span class='ocrx_word' id='word_1_16' title='bbox 570 883 631 924; x_wconf 89' lang='lat' dir='ltr'>non</span> <span class='ocrx_word' id='word_1_17' title='bbox 650 861 681 924; x_wconf 84' lang='lat'>&amp;</span> <span class='ocrx_word' id='word_1_18' title='bbox 695 884 763 946; x_wconf 85' lang='lat' dir='ltr'>ego,</span> <span class='ocrx_word' id='word_1_19' title='bbox 777 861 913 927; x_wconf 87' lang='lat' dir='ltr'>fidelium</span> <span class='ocrx_word' id='word_1_20' title='bbox 928 863 1112 944; x_wconf 87' lang='lat' dir='ltr'>noviffimus,</span> <span class='ocrx_word' id='word_1_21' title='bbox 1126 881 1290 948; x_wconf 86' lang='lat' dir='ltr'><strong>antequam</strong></span> <span class='ocrx_word' id='word_1_22' title='bbox 1300 865 1442 948; x_wconf 89' lang='lat' dir='ltr'>piillimus</span> <span class='ocrx_word' id='word_1_23' title='bbox 1457 864 1596 927; x_wconf 89' lang='lat' dir='ltr'>Ludovi-</span> 
     </span>
     <span class='ocr_line' id='line_1_4' title="bbox 569 948 1596 1030; baseline 0.002 -17"><span class='ocrx_word' id='word_1_24' title='bbox 569 972 623 1014; x_wconf 85' lang='lat' dir='ltr'>cus</span> <span class='ocrx_word' id='word_1_25' title='bbox 631 949 817 1014; x_wconf 83' lang='lat' dir='ltr'>Francorum</span> <span class='ocrx_word' id='word_1_26' title='bbox 830 974 881 1015; x_wconf 89' lang='lat' dir='ltr'>rex</span> <span class='ocrx_word' id='word_1_27' title='bbox 892 974 971 1016; x_wconf 86' lang='lat' dir='ltr'>anno</span> <span class='ocrx_word' id='word_1_28' title='bbox 981 953 1018 1014; x_wconf 90' lang='lat' dir='ltr'>ab</span> <span class='ocrx_word' id='word_1_29' title='bbox 1029 948 1596 1030; x_wconf 87' lang='lat' dir='ltr'>incarnationeDominiMCCXLVI,</span> 
     </span>
     <span class='ocr_line' id='line_1_5' title="bbox 569 1039 1595 1123; baseline -0.001 -21"><span class='ocrx_word' id='word_1_30' title='bbox 569 1061 693 1104; x_wconf 85' lang='lat' dir='ltr'>crucem</span> <span class='ocrx_word' id='word_1_31' title='bbox 709 1039 936 1104; x_wconf 84' lang='lat' dir='ltr'>transmarinam</span> <span class='ocrx_word' id='word_1_32' title='bbox 951 1040 1119 1123; x_wconf 90' lang='lat' dir='ltr'>susciperet,</span> <span class='ocrx_word' id='word_1_33' title='bbox 1129 1061 1251 1104; x_wconf 89' lang='lat' dir='ltr'>crucem</span> <span class='ocrx_word' id='word_1_34' title='bbox 1263 1042 1293 1103; x_wconf 89' lang='lat' dir='ltr'>in</span> <span class='ocrx_word' id='word_1_35' title='bbox 1308 1042 1376 1103; x_wconf 92' lang='lat' dir='ltr'>celo</span> <span class='ocrx_word' id='word_1_36' title='bbox 1386 1061 1424 1104; x_wconf 85' lang='lat' dir='ltr'>ex</span> <span class='ocrx_word' id='word_1_37' title='bbox 1434 1041 1595 1103; x_wconf 76' lang='lat' dir='ltr'>clarissimo</span> 
     </span>
     <span class='ocr_line' id='line_1_6' title="bbox 570 1125 1596 1212; baseline 0.002 -22"><span class='ocrx_word' id='word_1_38' title='bbox 570 1127 601 1190; x_wconf 75' lang='grc' dir='ltr'>δι</span> <span class='ocrx_word' id='word_1_39' title='bbox 614 1125 730 1191; x_wconf 80' lang='lat' dir='ltr'>sidereo</span> <span class='ocrx_word' id='word_1_40' title='bbox 745 1127 862 1192; x_wconf 88' lang='lat' dir='ltr'>lumine</span> <span class='ocrx_word' id='word_1_41' title='bbox 876 1130 950 1209; x_wconf 87' lang='lat' dir='ltr'>vidi,</span> <span class='ocrx_word' id='word_1_42' title='bbox 967 1150 1025 1191; x_wconf 91' lang='lat' dir='ltr'>nec</span> <span class='ocrx_word' id='word_1_43' title='bbox 1041 1129 1145 1192; x_wconf 91' lang='lat' dir='ltr'>recolo</span> <span class='ocrx_word' id='word_1_44' title='bbox 1160 1152 1210 1192; x_wconf 90' lang='lat' dir='ltr'>me</span> <span class='ocrx_word' id='word_1_45' title='bbox 1224 1128 1426 1193; x_wconf 84' lang='lat' dir='ltr'>decentius&amp;</span> <span class='ocrx_word' id='word_1_46' title='bbox 1440 1125 1596 1212; x_wconf 83' lang='lat' dir='ltr'>operosius</span> 
     </span>
     <span class='ocr_line' id='line_1_7' title="bbox 570 1216 1596 1302; baseline 0.002 -25"><span class='ocrx_word' id='word_1_47' title='bbox 570 1217 732 1279; x_wconf 86' lang='lat' dir='ltr'>formatam</span> <span class='ocrx_word' id='word_1_48' title='bbox 747 1239 871 1280; x_wconf 91' lang='lat' dir='ltr'>crucem</span> <span class='ocrx_word' id='word_1_49' title='bbox 887 1238 1023 1301; x_wconf 89' lang='lat' dir='ltr'>unquam</span> <span class='ocrx_word' id='word_1_50' title='bbox 1038 1216 1090 1280; x_wconf 88' lang='lat' dir='ltr'>sub</span> <span class='ocrx_word' id='word_1_51' title='bbox 1102 1217 1203 1302; x_wconf 87' lang='lat' dir='ltr'>aliqua</span> <span class='ocrx_word' id='word_1_52' title='bbox 1224 1219 1360 1298; x_wconf 85' lang='lat' dir='ltr'>materia,</span> <span class='ocrx_word' id='word_1_53' title='bbox 1374 1218 1423 1280; x_wconf 92' lang='lat' dir='ltr'>vel</span> <span class='ocrx_word' id='word_1_54' title='bbox 1440 1217 1537 1301; x_wconf 86' lang='lat' dir='ltr'>figura</span> <span class='ocrx_word' id='word_1_55' title='bbox 1550 1219 1596 1279; x_wconf 93' lang='lat' dir='ltr'>vi·</span> 
     </span>
     <span class='ocr_line' id='line_1_8' title="bbox 570 1302 1596 1390; baseline 0.002 -24"><span class='ocrx_word' id='word_1_56' title='bbox 570 1302 652 1366; x_wconf 86' lang='lat' dir='ltr'>disse.</span> <span class='ocrx_word' id='word_1_57' title='bbox 668 1305 811 1370; x_wconf 69' lang='lat' dir='ltr'>Oclenos</span> <span class='ocrx_word' id='word_1_58' title='bbox 834 1307 944 1368; x_wconf 87' lang='lat' dir='ltr'>habere</span> <span class='ocrx_word' id='word_1_59' title='bbox 966 1306 1087 1370; x_wconf 88' lang='lat' dir='ltr'>cubitos</span> <span class='ocrx_word' id='word_1_60' title='bbox 1106 1328 1230 1370; x_wconf 90' lang='lat' dir='ltr'>crucem</span> <span class='ocrx_word' id='word_1_61' title='bbox 1245 1307 1339 1389; x_wconf 86' lang='lat' dir='ltr'>ipsam</span> <span class='ocrx_word' id='word_1_62' title='bbox 1358 1307 1389 1368; x_wconf 92' lang='lat' dir='ltr'>in</span> <span class='ocrx_word' id='word_1_63' title='bbox 1405 1305 1596 1390; x_wconf 80' lang='lat' dir='ltr'>longitudine</span> 
     </span>
     <span class='ocr_line' id='line_1_9' title="bbox 571 1390 1596 1474; baseline 0.003 -22"><span class='ocrx_word' id='word_1_64' title='bbox 571 1392 645 1454; x_wconf 92' lang='lat' dir='ltr'>mihi</span> <span class='ocrx_word' id='word_1_65' title='bbox 662 1391 829 1474; x_wconf 84' lang='lat' dir='ltr'>planissime</span> <span class='ocrx_word' id='word_1_66' title='bbox 843 1392 938 1454; x_wconf 90' lang='lat' dir='ltr'>visum</span> <span class='ocrx_word' id='word_1_67' title='bbox 953 1392 1005 1454; x_wconf 90' lang='lat' dir='ltr'>est.</span> <span class='ocrx_word' id='word_1_68' title='bbox 1020 1393 1167 1456; x_wconf 89' lang='lat' dir='ltr'>Serenum</span> <span class='ocrx_word' id='word_1_69' title='bbox 1181 1393 1283 1456; x_wconf 91' lang='lat' dir='ltr'>celum</span> <span class='ocrx_word' id='word_1_70' title='bbox 1298 1411 1363 1458; x_wconf 90' lang='lat' dir='ltr'>erat</span> <span class='ocrx_word' id='word_1_71' title='bbox 1375 1393 1473 1474; x_wconf 70' lang='lat' dir='ltr'>valde,</span> <span class='ocrx_word' id='word_1_72' title='bbox 1488 1392 1517 1456; x_wconf 75' lang='grc' dir='ltr'>δι</span> <span class='ocrx_word' id='word_1_73' title='bbox 1535 1390 1596 1455; x_wconf 88' lang='lat' dir='ltr'>stne</span> 
     </span>
     <span class='ocr_line' id='line_1_10' title="bbox 570 1479 1595 1564; baseline -0.001 -22"><span class='ocrx_word' id='word_1_74' title='bbox 570 1479 672 1563; x_wconf 85' lang='lat' dir='ltr'>aliqua</span> <span class='ocrx_word' id='word_1_75' title='bbox 687 1481 768 1543; x_wconf 90' lang='lat' dir='ltr'>nube</span> <span class='ocrx_word' id='word_1_76' title='bbox 784 1482 815 1543; x_wconf 91' lang='lat' dir='ltr'>in</span> <span class='ocrx_word' id='word_1_77' title='bbox 831 1479 932 1563; x_wconf 88' lang='lat' dir='ltr'>aliqua</span> <span class='ocrx_word' id='word_1_78' title='bbox 947 1497 1031 1564; x_wconf 89' lang='lat' dir='ltr'>parte</span> <span class='ocrx_word' id='word_1_79' title='bbox 1047 1481 1099 1560; x_wconf 87' lang='lat' dir='ltr'>sui,</span> <span class='ocrx_word' id='word_1_80' title='bbox 1114 1482 1165 1545; x_wconf 91' lang='lat' dir='ltr'>sub</span> <span class='ocrx_word' id='word_1_81' title='bbox 1184 1483 1286 1544; x_wconf 89' lang='lat' dir='ltr'>nostro</span> <span class='ocrx_word' id='word_1_82' title='bbox 1310 1483 1474 1545; x_wconf 87' lang='lat' dir='ltr'>horizonte</span> <span class='ocrx_word' id='word_1_83' title='bbox 1494 1481 1595 1544; x_wconf 89' lang='lat' dir='ltr'>celum</span> 
     </span>
     <span class='ocr_line' id='line_1_11' title="bbox 570 1567 1595 1634; baseline 0.002 -5"><span class='ocrx_word' id='word_1_84' title='bbox 570 1585 634 1630; x_wconf 88' lang='lat' dir='ltr'>erat</span> <span class='ocrx_word' id='word_1_85' title='bbox 648 1568 761 1633; x_wconf 88' lang='lat' dir='ltr'>coloris</span> <span class='ocrx_word' id='word_1_86' title='bbox 785 1571 882 1631; x_wconf 88' lang='lat' dir='ltr'>unius.</span> <span class='ocrx_word' id='word_1_87' title='bbox 905 1567 956 1631; x_wconf 92' lang='lat' dir='ltr'>De</span> <span class='ocrx_word' id='word_1_88' title='bbox 981 1568 1167 1634; x_wconf 85' lang='lat' dir='ltr'>discoloratis</span> <span class='ocrx_word' id='word_1_89' title='bbox 1192 1591 1264 1633; x_wconf 88' lang='lat' dir='ltr'>vero</span> <span class='ocrx_word' id='word_1_90' title='bbox 1288 1572 1426 1633; x_wconf 89' lang='lat' dir='ltr'>crucium</span> <span class='ocrx_word' id='word_1_91' title='bbox 1450 1569 1595 1633; x_wconf 79' lang='lat' dir='ltr'>fasciculis</span> 
     </span>
     <span class='ocr_line' id='line_1_12' title="bbox 570 1656 1596 1743; baseline 0.002 -26"><span class='ocrx_word' id='word_1_92' title='bbox 570 1656 720 1719; x_wconf 90' lang='lat' dir='ltr'>vidimus:</span> <span class='ocrx_word' id='word_1_93' title='bbox 736 1660 808 1740; x_wconf 94' lang='lat' dir='ltr'>quia</span> <span class='ocrx_word' id='word_1_94' title='bbox 823 1658 919 1738; x_wconf 89' lang='lat' dir='ltr'>prima</span> <span class='ocrx_word' id='word_1_95' title='bbox 933 1678 1007 1720; x_wconf 88' lang='lat' dir='ltr'>crux</span> <span class='ocrx_word' id='word_1_96' title='bbox 1021 1658 1112 1721; x_wconf 85' lang='lat' dir='ltr'>nostri</span> <span class='ocrx_word' id='word_1_97' title='bbox 1128 1660 1274 1743; x_wconf 86' lang='lat' dir='ltr'>temporis</span> <span class='ocrx_word' id='word_1_98' title='bbox 1288 1675 1397 1724; x_wconf 92' lang='lat' dir='ltr'>contra</span> <span class='ocrx_word' id='word_1_99' title='bbox 1411 1674 1521 1722; x_wconf 84' lang='lat' dir='ltr'>terram</span> <span class='ocrx_word' id='word_1_100' title='bbox 1538 1656 1596 1720; x_wconf 88' lang='lat' dir='ltr'>Al·</span> 
     </span>
     <span class='ocr_line' id='line_1_13' title="bbox 569 1741 1597 1828; baseline 0.001 -21"><span class='ocrx_word' id='word_1_101' title='bbox 569 1741 737 1828; x_wconf 85' lang='lat' dir='ltr'>bigensmm</span> <span class='ocrx_word' id='word_1_102' title='bbox 761 1745 915 1827; x_wconf 84' lang='lat' dir='ltr'>predicata</span> <span class='ocrx_word' id='word_1_103' title='bbox 936 1745 987 1808; x_wconf 78' lang='lat' dir='ltr'>esi.</span> <span class='ocrx_word' id='word_1_104' title='bbox 1002 1745 1185 1809; x_wconf 84' lang='lat' dir='ltr'>Secundam</span> <span class='ocrx_word' id='word_1_105' title='bbox 1201 1763 1310 1810; x_wconf 89' lang='lat' dir='ltr'>terram</span> <span class='ocrx_word' id='word_1_106' title='bbox 1326 1746 1468 1826; x_wconf 71' lang='lat' dir='ltr'>sandlam,</span> <span class='ocrx_word' id='word_1_107' title='bbox 1489 1763 1597 1810; x_wconf 88' lang='lat' dir='ltr'>contra</span> 
     </span>
     <span class='ocr_line' id='line_1_14' title="bbox 570 1831 1597 1922; baseline 0.002 -27"><span class='ocrx_word' id='word_1_108' title='bbox 570 1831 746 1896; x_wconf 88' lang='lat' dir='ltr'>Saracenos.</span> <span class='ocrx_word' id='word_1_109' title='bbox 770 1832 883 1895; x_wconf 89' lang='lat' dir='ltr'>Tertia</span> <span class='ocrx_word' id='word_1_110' title='bbox 897 1835 1006 1896; x_wconf 92' lang='lat' dir='ltr'>iterum</span> <span class='ocrx_word' id='word_1_111' title='bbox 1021 1852 1130 1897; x_wconf 89' lang='lat' dir='ltr'>contra</span> <span class='ocrx_word' id='word_1_112' title='bbox 1144 1836 1332 1920; x_wconf 85' lang='lat' dir='ltr'>Albigenses.</span> <span class='ocrx_word' id='word_1_113' title='bbox 1348 1833 1469 1922; x_wconf 79' lang='lat' dir='ltr'>Quarta</span> <span class='ocrx_word' id='word_1_114' title='bbox 1491 1851 1597 1898; x_wconf 86' lang='lat' dir='ltr'>contra</span> 
     </span>
     <span class='ocr_line' id='line_1_15' title="bbox 571 1920 1597 2005; baseline 0.001 -22"><span class='ocrx_word' id='word_1_115' title='bbox 571 1921 742 2005; x_wconf 83' lang='lat' dir='ltr'>Stadingos,</span> <span class='ocrx_word' id='word_1_116' title='bbox 756 1942 834 2005; x_wconf 87' lang='lat' dir='ltr'>quos</span> <span class='ocrx_word' id='word_1_117' title='bbox 850 1923 880 1983; x_wconf 92' lang='lat' dir='ltr'>in</span> <span class='ocrx_word' id='word_1_118' title='bbox 894 1920 1077 1984; x_wconf 87' lang='lat' dir='ltr'>Theutonia</span> <span class='ocrx_word' id='word_1_119' title='bbox 1088 1921 1241 1988; x_wconf 88' lang='lat' dir='ltr'>Henricus</span> <span class='ocrx_word' id='word_1_120' title='bbox 1265 1925 1327 1987; x_wconf 89' lang='lat' dir='ltr'>dux</span> <span class='ocrx_word' id='word_1_121' title='bbox 1343 1924 1506 1988; x_wconf 83' lang='lat' dir='ltr'>Brabantie</span> <span class='ocrx_word' id='word_1_122' title='bbox 1526 1943 1597 1986; x_wconf 91' lang='lat' dir='ltr'>cum</span> 
     </span>
     <span class='ocr_line' id='line_1_16' title="bbox 571 2007 1598 2095; baseline 0.004 -25"><span class='ocrx_word' id='word_1_123' title='bbox 571 2009 628 2071; x_wconf 91' lang='lat' dir='ltr'>suis</span> <span class='ocrx_word' id='word_1_124' title='bbox 648 2009 758 2072; x_wconf 88' lang='lat' dir='ltr'>stravit.</span> <span class='ocrx_word' id='word_1_125' title='bbox 783 2007 904 2095; x_wconf 77' lang='lat' dir='ltr'>Quinta</span> <span class='ocrx_word' id='word_1_126' title='bbox 919 2010 1030 2072; x_wconf 90' lang='lat' dir='ltr'>iterum</span> <span class='ocrx_word' id='word_1_127' title='bbox 1046 2011 1076 2072; x_wconf 91' lang='lat' dir='ltr'>in</span> <span class='ocrx_word' id='word_1_128' title='bbox 1092 2027 1202 2074; x_wconf 89' lang='lat' dir='ltr'>terram</span> <span class='ocrx_word' id='word_1_129' title='bbox 1222 2011 1363 2076; x_wconf 63' lang='lat' dir='ltr'>sanilam.</span> <span class='ocrx_word' id='word_1_130' title='bbox 1388 2013 1479 2076; x_wconf 87' lang='lat' dir='ltr'>Sexta</span> <span class='ocrx_word' id='word_1_131' title='bbox 1492 2027 1598 2074; x_wconf 84' lang='lat' dir='ltr'>contra</span> 
     </span>
     <span class='ocr_line' id='line_1_17' title="bbox 570 2095 1599 2184; baseline 0.003 -25"><span class='ocrx_word' id='word_1_132' title='bbox 570 2096 738 2180; x_wconf 86' lang='lat' dir='ltr'>Aquenses‚</span> <span class='ocrx_word' id='word_1_133' title='bbox 753 2098 806 2181; x_wconf 91' lang='lat' dir='ltr'>qui</span> <span class='ocrx_word' id='word_1_134' title='bbox 822 2095 849 2159; x_wconf 90' lang='lat' dir='ltr'>se</span> <span class='ocrx_word' id='word_1_135' title='bbox 865 2120 921 2180; x_wconf 90' lang='lat' dir='ltr'>pro</span> <span class='ocrx_word' id='word_1_136' title='bbox 946 2098 1111 2162; x_wconf 91' lang='lat' dir='ltr'>scismatico</span> <span class='ocrx_word' id='word_1_137' title='bbox 1134 2097 1300 2164; x_wconf 89' lang='lat' dir='ltr'>Frederico</span> <span class='ocrx_word' id='word_1_138' title='bbox 1319 2102 1476 2184; x_wconf 90' lang='lat' dir='ltr'>quondam</span> <span class='ocrx_word' id='word_1_139' title='bbox 1500 2102 1599 2182; x_wconf 89' lang='lat' dir='ltr'>impe·</span> 
     </span>
     <span class='ocr_line' id='line_1_18' title="bbox 569 2184 1597 2270; baseline 0.004 -24"><span class='ocrx_word' id='word_1_140' title='bbox 569 2202 677 2264; x_wconf 80' lang='lat' dir='ltr'>tutore,</span> <span class='ocrx_word' id='word_1_141' title='bbox 692 2201 798 2247; x_wconf 91' lang='lat' dir='ltr'>contra</span> <span class='ocrx_word' id='word_1_142' title='bbox 809 2184 1016 2251; x_wconf 90' lang='lat' dir='ltr'>Guillelmum</span> <span class='ocrx_word' id='word_1_143' title='bbox 1030 2209 1134 2270; x_wconf 86' lang='lat' dir='ltr'>regem</span> <span class='ocrx_word' id='word_1_144' title='bbox 1146 2188 1360 2252; x_wconf 89' lang='lat' dir='ltr'>Romanorum</span> <span class='ocrx_word' id='word_1_145' title='bbox 1372 2188 1515 2268; x_wconf 62' lang='lat' dir='ltr'>electum,</span> <span class='ocrx_word' id='word_1_146' title='bbox 1524 2188 1597 2251; x_wconf 84' lang='lat' dir='ltr'>stul-</span> 
     </span>
     <span class='ocr_line' id='line_1_19' title="bbox 570 2272 1598 2358; baseline 0.004 -22"><span class='ocrx_word' id='word_1_147' title='bbox 570 2272 676 2336; x_wconf 87' lang='lat' dir='ltr'>tiffime</span> <span class='ocrx_word' id='word_1_148' title='bbox 691 2275 906 2357; x_wconf 89' lang='lat' dir='ltr'>opposuerunt.</span> <span class='ocrx_word' id='word_1_149' title='bbox 920 2275 1055 2358; x_wconf 88' lang='lat' dir='ltr'>Septima</span> <span class='ocrx_word' id='word_1_150' title='bbox 1065 2293 1172 2339; x_wconf 86' lang='lat' dir='ltr'>contra</span> <span class='ocrx_word' id='word_1_151' title='bbox 1186 2277 1372 2340; x_wconf 82' lang='lat' dir='ltr'>Hezelinum</span> <span class='ocrx_word' id='word_1_152' title='bbox 1386 2276 1523 2341; x_wconf 88' lang='lat' dir='ltr'>nobilem</span> <span class='ocrx_word' id='word_1_153' title='bbox 1537 2273 1598 2340; x_wconf 86' lang='lat' dir='ltr'>Ita-</span> 
     </span>
     <span class='ocr_line' id='line_1_20' title="bbox 570 2359 1692 2449; baseline 0.005 -26"><span class='ocrx_word' id='word_1_154' title='bbox 570 2361 619 2441; x_wconf 86' lang='lat' dir='ltr'>lie,</span> <span class='ocrx_word' id='word_1_155' title='bbox 634 2360 663 2424; x_wconf 75' lang='grc' dir='ltr'>δι</span> <span class='ocrx_word' id='word_1_156' title='bbox 678 2363 742 2426; x_wconf 91' lang='lat' dir='ltr'>eius</span> <span class='ocrx_word' id='word_1_157' title='bbox 753 2363 930 2446; x_wconf 81' lang='lat' dir='ltr'>complices,</span> <span class='ocrx_word' id='word_1_158' title='bbox 942 2364 993 2447; x_wconf 91' lang='lat' dir='ltr'>qui</span> <span class='ocrx_word' id='word_1_159' title='bbox 1006 2365 1277 2444; x_wconf 57' lang='lat' dir='ltr'>condemnatus&amp;</span> <span class='ocrx_word' id='word_1_160' title='bbox 1290 2364 1431 2449; x_wconf 88' lang='lat' dir='ltr'>publicus</span> <span class='ocrx_word' id='word_1_161' title='bbox 1437 2367 1598 2445; x_wconf 88' lang='lat' dir='ltr'>hereticus,</span> <span class='ocrx_word' id='word_1_162' title='bbox 1612 2377 1634 2421; x_wconf 80' lang='lat' dir='ltr'>P·</span> <span class='ocrx_word' id='word_1_163' title='bbox 1647 2359 1692 2419; x_wconf 82' lang='lat'>¹3⁸</span> 
     </span>
     <span class='ocr_line' id='line_1_21' title="bbox 569 2449 1599 2540; baseline 0.003 -28"><span class='ocrx_word' id='word_1_164' title='bbox 569 2449 661 2513; x_wconf 88' lang='lat' dir='ltr'>fidem</span> <span class='ocrx_word' id='word_1_165' title='bbox 676 2451 859 2514; x_wconf 85' lang='lat' dir='ltr'>catholicam</span> <span class='ocrx_word' id='word_1_166' title='bbox 881 2452 1013 2534; x_wconf 87' lang='lat' dir='ltr'>graviter</span> <span class='ocrx_word' id='word_1_167' title='bbox 1038 2451 1197 2518; x_wconf 74' lang='lat' dir='ltr'>insectatus</span> <span class='ocrx_word' id='word_1_168' title='bbox 1219 2455 1270 2516; x_wconf 88' lang='lat' dir='ltr'>est.</span> <span class='ocrx_word' id='word_1_169' title='bbox 1286 2451 1378 2540; x_wconf 79' lang='lat' dir='ltr'>Quot</span> <span class='ocrx_word' id='word_1_170' title='bbox 1394 2475 1468 2537; x_wconf 84' lang='lat' dir='ltr'>ergo</span> <span class='ocrx_word' id='word_1_171' title='bbox 1489 2473 1599 2537; x_wconf 81' lang='lat' dir='ltr'>genera</span> 
     </span>
     <span class='ocr_line' id='line_1_22' title="bbox 569 2538 1478 2628; baseline 0.004 -28"><span class='ocrx_word' id='word_1_172' title='bbox 569 2540 669 2602; x_wconf 90' lang='lat' dir='ltr'>crucis</span> <span class='ocrx_word' id='word_1_173' title='bbox 684 2561 692 2600; x_wconf 78' lang='grc' dir='ltr'>ε</span> <span class='ocrx_word' id='word_1_174' title='bbox 707 2554 753 2601; x_wconf 92' lang='lat' dir='ltr'>tot</span> <span class='ocrx_word' id='word_1_175' title='bbox 769 2538 899 2619; x_wconf 88' lang='lat' dir='ltr'>colores,</span> <span class='ocrx_word' id='word_1_176' title='bbox 913 2551 960 2602; x_wconf 89' lang='lat' dir='ltr'>tot</span> <span class='ocrx_word' id='word_1_177' title='bbox 974 2540 1130 2606; x_wconf 86' lang='lat' dir='ltr'>fasciculos</span> <span class='ocrx_word' id='word_1_178' title='bbox 1144 2544 1296 2607; x_wconf 88' lang='lat' dir='ltr'>cemimus</span> <span class='ocrx_word' id='word_1_179' title='bbox 1310 2543 1478 2628; x_wconf 82' lang='lat' dir='ltr'>assignatos.</span> 
     </span>
    </p>
   </div>
   <div class='ocr_carea' id='block_1_3' title="bbox 1036 2729 1129 2780">
    <p class='ocr_par' dir='ltr' id='par_1_3' title="bbox 1036 2729 1129 2780">
     <span class='ocr_line' id='line_1_23' title="bbox 1036 2729 1129 2780; baseline -0.022 0"><span class='ocrx_word' id='word_1_180' title='bbox 1036 2729 1073 2780; x_wconf 86' lang='lat' dir='ltr'>N⁰</span> <span class='ocrx_word' id='word_1_181' title='bbox 1091 2746 1129 2779; x_wconf 88' lang='lat' dir='ltr'>to.</span> 
     </span>
    </p>
   </div>
   <div class='ocr_carea' id='block_1_4' title="bbox 659 2855 1509 2944">
    <p class='ocr_par' dir='ltr' id='par_1_4' title="bbox 659 2855 1509 2944">
     <span class='ocr_line' id='line_1_24' title="bbox 659 2855 1509 2944; baseline 0.002 -28"><span class='ocrx_word' id='word_1_182' title='bbox 659 2855 777 2917; x_wconf 84' lang='lat' dir='ltr'>Crucem</span> <span class='ocrx_word' id='word_1_183' title='bbox 783 2855 963 2944; x_wconf 78' lang='lat' dir='ltr'>suscipientes</span> <span class='ocrx_word' id='word_1_184' title='bbox 977 2856 1117 2938; x_wconf 82' lang='lat' dir='ltr'>accipiunt</span> <span class='ocrx_word' id='word_1_185' title='bbox 1125 2857 1286 2938; x_wconf 81' lang='lat' dir='ltr'>plenariam</span> <span class='ocrx_word' id='word_1_186' title='bbox 1299 2857 1509 2938; x_wconf 82' lang='lat' dir='ltr'>indulgentiam.</span> 
     </span>
    </p>
   </div>
   <div class='ocr_carea' id='block_1_5' title="bbox 570 3019 1598 3704">
    <p class='ocr_par' dir='ltr' id='par_1_5' title="bbox 570 3019 1598 3704">
     <span class='ocr_line' id='line_1_25' title="bbox 612 3019 1597 3106; baseline 0.001 -23"><span class='ocrx_word' id='word_1_187' title='bbox 612 3019 664 3083; x_wconf 91' lang='lat' dir='ltr'>De</span> <span class='ocrx_word' id='word_1_188' title='bbox 686 3019 874 3102; x_wconf 85' lang='lat' dir='ltr'>indulgentia</span> <span class='ocrx_word' id='word_1_189' title='bbox 895 3039 1007 3101; x_wconf 86' lang='lat' dir='ltr'>autem,</span> <span class='ocrx_word' id='word_1_190' title='bbox 1021 3044 1081 3106; x_wconf 90' lang='lat' dir='ltr'>que</span> <span class='ocrx_word' id='word_1_191' title='bbox 1100 3043 1223 3085; x_wconf 88' lang='lat' dir='ltr'>crucem</span> <span class='ocrx_word' id='word_1_192' title='bbox 1248 3021 1473 3105; x_wconf 89' lang='lat' dir='ltr'>suscipientibus</span> <span class='ocrx_word' id='word_1_193' title='bbox 1496 3023 1597 3104; x_wconf 89' lang='lat' dir='ltr'>predi·</span> 
     </span>
     <span class='ocr_line' id='line_1_26' title="bbox 573 3105 1598 3194; baseline -0.001 -23"><span class='ocrx_word' id='word_1_194' title='bbox 573 3123 667 3186; x_wconf 90' lang='lat' dir='ltr'>catur,</span> <span class='ocrx_word' id='word_1_195' title='bbox 682 3106 783 3171; x_wconf 90' lang='lat' dir='ltr'>nullus</span> <span class='ocrx_word' id='word_1_196' title='bbox 797 3105 934 3170; x_wconf 88' lang='lat' dir='ltr'>fidelium</span> <span class='ocrx_word' id='word_1_197' title='bbox 955 3108 1094 3171; x_wconf 89' lang='lat' dir='ltr'>dubitare</span> <span class='ocrx_word' id='word_1_198' title='bbox 1109 3111 1301 3192; x_wconf 87' lang='lat' dir='ltr'>permittitur,</span> <span class='ocrx_word' id='word_1_199' title='bbox 1318 3112 1392 3194; x_wconf 91' lang='lat' dir='ltr'>quin</span> <span class='ocrx_word' id='word_1_200' title='bbox 1413 3109 1598 3194; x_wconf 88' lang='lat' dir='ltr'>integraliter</span> 
     </span>
     <span class='ocr_line' id='line_1_27' title="bbox 572 3195 1597 3281; baseline 0.001 -23"><span class='ocrx_word' id='word_1_201' title='bbox 572 3217 643 3259; x_wconf 90' lang='lat' dir='ltr'>vere</span> <span class='ocrx_word' id='word_1_202' title='bbox 659 3197 829 3278; x_wconf 89' lang='lat' dir='ltr'>penitentes</span> <span class='ocrx_word' id='word_1_203' title='bbox 853 3195 883 3259; x_wconf 67' lang='grc' dir='ltr'>ἃ</span> <span class='ocrx_word' id='word_1_204' title='bbox 903 3196 1025 3259; x_wconf 86' lang='lat' dir='ltr'>conseffi</span> <span class='ocrx_word' id='word_1_205' title='bbox 1047 3196 1266 3281; x_wconf 84' lang='lat' dir='ltr'>indulgentiam</span> <span class='ocrx_word' id='word_1_206' title='bbox 1290 3199 1438 3280; x_wconf 87' lang='lat' dir='ltr'>recipiant</span> <span class='ocrx_word' id='word_1_207' title='bbox 1459 3199 1597 3260; x_wconf 87' lang='lat' dir='ltr'>omniurn</span> 
     </span>
     <span class='ocr_line' id='line_1_28' title="bbox 572 3283 1598 3370; baseline -0.001 -23"><span class='ocrx_word' id='word_1_208' title='bbox 572 3301 779 3368; x_wconf 83' lang='lat' dir='ltr'>peccatorum,</span> <span class='ocrx_word' id='word_1_209' title='bbox 795 3283 824 3346; x_wconf 76' lang='grc' dir='ltr'>δι</span> <span class='ocrx_word' id='word_1_210' title='bbox 840 3285 870 3346; x_wconf 92' lang='lat' dir='ltr'>in</span> <span class='ocrx_word' id='word_1_211' title='bbox 892 3305 928 3347; x_wconf 86' lang='lat' dir='ltr'>ea</span> <span class='ocrx_word' id='word_1_212' title='bbox 948 3283 1083 3369; x_wconf 76' lang='lat' dir='ltr'>desiderij</span> <span class='ocrx_word' id='word_1_213' title='bbox 1104 3285 1271 3366; x_wconf 84' lang='lat' dir='ltr'>voluntate,</span> <span class='ocrx_word' id='word_1_214' title='bbox 1290 3307 1351 3370; x_wconf 88' lang='lat' dir='ltr'>qua</span> <span class='ocrx_word' id='word_1_215' title='bbox 1369 3301 1425 3370; x_wconf 85' lang='lat' dir='ltr'>pro¹</span> <span class='ocrx_word' id='word_1_216' title='bbox 1440 3286 1511 3365; x_wconf 88' lang='lat' dir='ltr'>fide,</span> <span class='ocrx_word' id='word_1_217' title='bbox 1528 3285 1548 3349; x_wconf 85' lang='lat' dir='ltr'>st</span> <span class='ocrx_word' id='word_1_218' title='bbox 1570 3284 1598 3346; x_wconf 93' lang='lat' dir='ltr'>se</span> 
     </span>
     <span class='ocr_line' id='line_1_29' title="bbox 571 3371 1597 3457; baseline -0.002 -21"><span class='ocrx_word' id='word_1_219' title='bbox 571 3372 717 3436; x_wconf 91' lang='lat' dir='ltr'>obtulerit</span> <span class='ocrx_word' id='word_1_220' title='bbox 737 3371 834 3450; x_wconf 85' lang='lat' dir='ltr'>locus,</span> <span class='ocrx_word' id='word_1_221' title='bbox 848 3375 926 3435; x_wconf 91' lang='lat' dir='ltr'>mori</span> <span class='ocrx_word' id='word_1_222' title='bbox 947 3371 1087 3457; x_wconf 76' lang='lat' dir='ltr'>gestiunt,</span> <span class='ocrx_word' id='word_1_223' title='bbox 1109 3375 1243 3438; x_wconf 86' lang='lat' dir='ltr'>totaliter</span> <span class='ocrx_word' id='word_1_224' title='bbox 1263 3397 1280 3438; x_wconf 88' lang='lat' dir='ltr'>a</span> <span class='ocrx_word' id='word_1_225' title='bbox 1301 3396 1379 3457; x_wconf 91' lang='lat' dir='ltr'>pena</span> <span class='ocrx_word' id='word_1_226' title='bbox 1393 3371 1480 3436; x_wconf 83' lang='lat' dir='ltr'>simul</span> <span class='ocrx_word' id='word_1_227' title='bbox 1500 3373 1597 3436; x_wconf 90' lang='lat' dir='ltr'>absol-</span> 
     </span>
     <span class='ocr_line' id='line_1_30' title="bbox 570 3461 1597 3547; baseline 0.002 -25"><span class='ocrx_word' id='word_1_228' title='bbox 570 3478 679 3524; x_wconf 89' lang='lat' dir='ltr'>vantur</span> <span class='ocrx_word' id='word_1_229' title='bbox 701 3461 732 3523; x_wconf 75' lang='lat' dir='ltr'>dr</span> <span class='ocrx_word' id='word_1_230' title='bbox 745 3462 844 3544; x_wconf 91' lang='lat' dir='ltr'>culpa.</span> <span class='ocrx_word' id='word_1_231' title='bbox 864 3464 956 3527; x_wconf 86' lang='lat' dir='ltr'>Certa</span> <span class='ocrx_word' id='word_1_232' title='bbox 970 3484 1044 3547; x_wconf 82' lang='lat' dir='ltr'>ergo</span> <span class='ocrx_word' id='word_1_233' title='bbox 1059 3465 1133 3527; x_wconf 90' lang='lat' dir='ltr'>mihi</span> <span class='ocrx_word' id='word_1_234' title='bbox 1148 3463 1222 3527; x_wconf 89' lang='lat' dir='ltr'>fides</span> <span class='ocrx_word' id='word_1_235' title='bbox 1237 3463 1275 3526; x_wconf 91' lang='lat' dir='ltr'>de</span> <span class='ocrx_word' id='word_1_236' title='bbox 1289 3463 1335 3525; x_wconf 87' lang='lat' dir='ltr'>his</span> <span class='ocrx_word' id='word_1_237' title='bbox 1346 3463 1488 3526; x_wconf 88' lang='lat' dir='ltr'>omnibus</span> <span class='ocrx_word' id='word_1_238' title='bbox 1503 3461 1597 3541; x_wconf 54' lang='lat' dir='ltr'>cll&amp;</span> 
     </span>
     <span class='ocr_line' id='line_1_31' title="bbox 573 3549 1598 3636; baseline -0.001 -23"><span class='ocrx_word' id='word_1_239' title='bbox 573 3549 649 3613; x_wconf 89' lang='lat' dir='ltr'>nihil</span> <span class='ocrx_word' id='word_1_240' title='bbox 662 3549 758 3614; x_wconf 88' lang='lat' dir='ltr'>hestto</span> <span class='ocrx_word' id='word_1_241' title='bbox 774 3551 812 3612; x_wconf 90' lang='lat' dir='ltr'>de</span> <span class='ocrx_word' id='word_1_242' title='bbox 826 3552 897 3631; x_wconf 85' lang='lat' dir='ltr'>hoc,</span> <span class='ocrx_word' id='word_1_243' title='bbox 910 3553 993 3636; x_wconf 92' lang='lat' dir='ltr'>quod</span> <span class='ocrx_word' id='word_1_244' title='bbox 1010 3550 1142 3615; x_wconf 90' lang='lat' dir='ltr'>summus</span> <span class='ocrx_word' id='word_1_245' title='bbox 1157 3551 1294 3634; x_wconf 86' lang='lat' dir='ltr'>pontifex</span> <span class='ocrx_word' id='word_1_246' title='bbox 1308 3549 1409 3614; x_wconf 89' lang='lat' dir='ltr'>noster</span> <span class='ocrx_word' id='word_1_247' title='bbox 1415 3572 1469 3634; x_wconf 89' lang='lat' dir='ltr'>per</span> <span class='ocrx_word' id='word_1_248' title='bbox 1482 3550 1598 3633; x_wconf 86' lang='lat' dir='ltr'>legatos</span> 
     </span>
     <span class='ocr_line' id='line_1_32' title="bbox 571 3638 1221 3704; baseline 0.003 -4"><span class='ocrx_word' id='word_1_249' title='bbox 571 3638 760 3704; x_wconf 71' lang='lat' dir='ltr'>audieritatis</span> <span class='ocrx_word' id='word_1_250' title='bbox 774 3639 824 3702; x_wconf 90' lang='lat' dir='ltr'>sue</span> <span class='ocrx_word' id='word_1_251' title='bbox 838 3640 1025 3704; x_wconf 89' lang='lat' dir='ltr'>mandaverit</span> <span class='ocrx_word' id='word_1_252' title='bbox 1039 3640 1221 3704; x_wconf 85' lang='lat' dir='ltr'>laciendum.</span> 
     </span>
    </p>
   </div>
   <div class='ocr_carea' id='block_1_6' title="bbox 611 3809 1598 4181">
    <p class='ocr_par' dir='ltr' id='par_1_6' title="bbox 611 3809 1598 4181">
     <span class='ocr_line' id='line_1_33' title="bbox 1036 3809 1130 3861; baseline -0.011 0"><span class='ocrx_word' id='word_1_253' title='bbox 1036 3809 1074 3861; x_wconf 82' lang='grc' dir='ltr'>Νο</span> <span class='ocrx_word' id='word_1_254' title='bbox 1092 3827 1130 3860; x_wconf 89' lang='lat' dir='ltr'>rr.</span> 
     </span>
     <span class='ocr_line' id='line_1_34' title="bbox 842 3929 1326 4014; baseline 0.004 -22"><span class='ocrx_word' id='word_1_255' title='bbox 842 3929 932 4014; x_wconf 59' lang='lat' dir='ltr'>Quod</span> <span class='ocrx_word' id='word_1_256' title='bbox 943 3954 1014 3993; x_wconf 82' lang='lat' dir='ltr'>crux</span> <span class='ocrx_word' id='word_1_257' title='bbox 1024 3932 1143 4014; x_wconf 78' lang='lat' dir='ltr'>pecunia</span> <span class='ocrx_word' id='word_1_258' title='bbox 1159 3931 1326 3994; x_wconf 80' lang='lat' dir='ltr'>redimatur.</span> 
     </span>
     <span class='ocr_line' id='line_1_35' title="bbox 611 4094 1598 4181; baseline -0.001 -22"><span class='ocrx_word' id='word_1_259' title='bbox 611 4095 669 4159; x_wconf 89' lang='lat' dir='ltr'>Sed</span> <span class='ocrx_word' id='word_1_260' title='bbox 685 4096 723 4158; x_wconf 93' lang='lat' dir='ltr'>de</span> <span class='ocrx_word' id='word_1_261' title='bbox 737 4096 783 4159; x_wconf 86' lang='lat' dir='ltr'>his</span> <span class='ocrx_word' id='word_1_262' title='bbox 798 4096 885 4158; x_wconf 94' lang='lat' dir='ltr'>multi</span> <span class='ocrx_word' id='word_1_263' title='bbox 900 4094 1036 4159; x_wconf 89' lang='lat' dir='ltr'>fidelium</span> <span class='ocrx_word' id='word_1_264' title='bbox 1052 4118 1114 4160; x_wconf 90' lang='lat' dir='ltr'>non</span> <span class='ocrx_word' id='word_1_265' title='bbox 1129 4096 1278 4160; x_wconf 88' lang='lat' dir='ltr'>sufficiunt</span> <span class='ocrx_word' id='word_1_266' title='bbox 1293 4097 1444 4176; x_wconf 83' lang='lat' dir='ltr'>admirari,</span> <span class='ocrx_word' id='word_1_267' title='bbox 1462 4097 1515 4181; x_wconf 90' lang='lat' dir='ltr'>qui</span> <span class='ocrx_word' id='word_1_268' title='bbox 1529 4117 1598 4160; x_wconf 84' lang='lat' dir='ltr'>cru-</span> 
     </span>
    </p>
   </div>
   <div class='ocr_carea' id='block_1_7' title="bbox 571 4184 1597 4357">
    <p class='ocr_par' dir='ltr' id='par_1_7' title="bbox 571 4184 1597 4357">
     <span class='ocr_line' id='line_1_36' title="bbox 571 4184 1597 4268; baseline 0 -20"><span class='ocrx_word' id='word_1_269' title='bbox 571 4205 640 4248; x_wconf 90' lang='lat' dir='ltr'>cem</span> <span class='ocrx_word' id='word_1_270' title='bbox 667 4185 799 4267; x_wconf 89' lang='lat' dir='ltr'>pecunia</span> <span class='ocrx_word' id='word_1_271' title='bbox 823 4185 989 4264; x_wconf 88' lang='lat' dir='ltr'>redimunt,</span> <span class='ocrx_word' id='word_1_272' title='bbox 1018 4184 1150 4248; x_wconf 88' lang='lat' dir='ltr'>&amp;hanc</span> <span class='ocrx_word' id='word_1_273' title='bbox 1178 4186 1209 4246; x_wconf 91' lang='lat' dir='ltr'>in</span> <span class='ocrx_word' id='word_1_274' title='bbox 1235 4202 1296 4248; x_wconf 91' lang='lat' dir='ltr'>tam</span> <span class='ocrx_word' id='word_1_275' title='bbox 1319 4185 1442 4248; x_wconf 90' lang='lat' dir='ltr'>modica</span> <span class='ocrx_word' id='word_1_276' title='bbox 1468 4187 1597 4268; x_wconf 89' lang='lat' dir='ltr'>pecunie</span> 
     </span>
     <span class='ocr_line' id='line_1_37' title="bbox 572 4271 1596 4357; baseline 0.002 -23"><span class='ocrx_word' id='word_1_277' title='bbox 572 4273 750 4357; x_wconf 85' lang='lat' dir='ltr'>quantitate,</span> <span class='ocrx_word' id='word_1_278' title='bbox 764 4289 797 4334; x_wconf 89' lang='lat' dir='ltr'>ut</span> <span class='ocrx_word' id='word_1_279' title='bbox 811 4275 862 4336; x_wconf 87' lang='lat' dir='ltr'>vix</span> <span class='ocrx_word' id='word_1_280' title='bbox 878 4273 1039 4352; x_wconf 83' lang='lat' dir='ltr'>decimam,</span> <span class='ocrx_word' id='word_1_281' title='bbox 1053 4274 1104 4336; x_wconf 89' lang='lat' dir='ltr'>vix</span> <span class='ocrx_word' id='word_1_282' title='bbox 1118 4272 1300 4352; x_wconf 79' lang='lat' dir='ltr'>vicesimam,</span> <span class='ocrx_word' id='word_1_283' title='bbox 1314 4271 1362 4336; x_wconf 88' lang='lat' dir='ltr'>vel</span> <span class='ocrx_word' id='word_1_284' title='bbox 1377 4275 1427 4336; x_wconf 85' lang='lat' dir='ltr'>vix</span> <span class='ocrx_word' id='word_1_285' title='bbox 1439 4289 1522 4336; x_wconf 88' lang='lat' dir='ltr'>certe</span> <span class='ocrx_word' id='word_1_286' title='bbox 1542 4273 1596 4336; x_wconf 91' lang='lat' dir='ltr'>bo-</span> 
     </span>
    </p>
   </div>
   <div class='ocr_carea' id='block_1_8' title="bbox 0 0 1870 5628">
    <p class='ocr_par' dir='ltr' id='par_1_8' title="bbox 0 0 1870 5628">
     <span class='ocr_line' id='line_1_38' title="bbox 0 0 1870 5628; baseline 0 0"><span class='ocrx_word' id='word_1_287' title='bbox 0 0 1870 5628; x_wconf 95' lang='lat' dir='ltr'> </span> 
     </span>
    </p>
   </div>
  </div>
 </body>
</html>
