3716 5628
562 559 651 648 274
734 527 977 658 Testimonia
1010 524 1204 620 initalia
1224 529 1407 656 scripto.

486 814 540 849 mr
557 795 612 846 sunt
627 794 704 864 ipsam
718 794 865 847 Damiatam
881 793 917 845 eis
938 792 1071 859 restituere,
1084 793 1132 846 hoc
1150 805 1235 844 tamen
1255 791 1348 858 federe,
1369 791 1438 861 quod
1456 791 1498 861 ipsr
1517 793 1591 843 Sara-

557 873 613 926 ceni
624 891 712 926 omnes
724 874 876 939 christianos,
889 892 953 944 quos
965 874 1081 945 captivos
1094 874 1242 940 retinebant,
1256 873 1347 925 liberos
1360 873 1531 925 demitterent.

767 1100 842 1178 199.
872 1080 1026 1150 FLAvms
1050 1079 1220 1149 Buouuus
1246 1091 1280 1159 (t
1297 1093 1385 1156 ¹4⁶3),

890 1259 1096 1346 Historiarum
1121 1258 1256 1324 decades.

918 1431 1029 1495 [Venet.,
1045 1434 1119 1494 1483,
1131 1426 1229 1492 in·fol.]

1061 1563 1080 1604 *

916 1701 1012 1763 Decus
1028 1699 1072 1780 II,
1087 1701 1134 1764 lib.
1153 1699 1185 1765 V
1181 1699 1224 1764 II.

763 1851 815 1913 [Pro
827 1867 906 1914 aragne
915 1863 979 1914 parre
984 1853 1081 1916 sequitur
1092 1853 1204 1900 Iohannem
1215 1852 1241 1898 de
1253 1851 1383 1915 columpna]

488 2021 544 2068 ¹2¹³
599 2002 718 2067 lnterea
734 2005 887 2086 principes
895 2004 1058 2082 christiani,
1068 2026 1146 2088 quos
1158 2005 1237 2086 tertij
1248 2003 1421 2088 Innocentij
1431 2007 1590 2090 diligentia
1603 2033 1625 2079 r.
1637 2018 1690 2078 πᾶν.

560 2093 589 2155 &
605 2090 814 2156 Lateranensrs
826 2092 948 2176 concilij
964 2095 1087 2155 decreta
1101 2093 1137 2156 ad
1151 2093 1363 2176 Hierosolyme
1375 2093 1588 2160 liberationem

560 2181 831 2261 inflammaverant,
846 2183 876 2242 in
891 2202 1037 2265 magnum
1052 2183 1209 2245 conierant
1220 2182 1400 2260 exercitum,
1411 2184 1464 2265 qui
1479 2187 1589 2266 partim

560 2288 640 2333 terra
674 2271 784 2354 partim
820 2271 892 2332 mari
930 2270 1242 2353 Constantinopolim,
1270 2270 1299 2333 δι
1329 2271 1401 2332 inde
1435 2273 1590 2338 cardinale

488 2371 545 2415 1²17
559 2359 725 2438 Columna,
748 2359 824 2422 sedis
846 2358 1013 2441 apostolice
1007 2359 1146 2462 Q,
1169 2360 1349 2439 deducente,
1374 2361 1535 2425 Acconem
1561 2363 1589 2427 se

558 2447 760 2524 contulerant,
775 2446 957 2529 fueruntque
973 2447 1107 2530 primarrj
1123 2449 1201 2510 inter
1216 2469 1268 2510 eos
1285 2469 1427 2530 proceres
1439 2449 1590 2527 Andreas,

559 2536 715 2619 Hungarie
742 2557 804 2615 rex,
834 2537 1023 2598 Venetorum
1059 2537 1181 2620 navigio
1209 2539 1311 2614 fretus,
1339 2540 1422 2620 quod
1460 2537 1590 2600 libenter

559 2624 713 2704 dederant,
727 2625 799 2708 quia
812 2624 859 2687 ius
874 2626 917 2688 eis
932 2626 1022 2704 ceffit,
1037 2628 1119 2709 quod
1136 2627 1167 2687 in
1183 2627 1267 2688 omni
1284 2624 1442 2689 Dalmatia
1462 2648 1590 2710 regnum

559 2713 717 2796 Hungarie
733 2713 768 2774 ad
784 2733 850 2775 eam
867 2714 948 2775 diem
971 2714 1126 2795 habuerat,
1147 2714 1176 2777 δι
1197 2715 1258 2776 dux
1278 2714 1409 2795 Austrie,
1424 2715 1590 2778 Henricus-

558 2824 619 2886 que
641 2797 839 2864 Nivernenlis
861 2823 975 2881 comes,
995 2801 1220 2868 &Gualterius
1239 2804 1317 2886 regis
1338 2802 1364 2865 F
1365 2805 1468 2867 rancie
1488 2825 1588 2867 came·

487 2899 545 2946 12¹8
558 2891 661 2954 rarius.
684 2887 808 2976 Quibus
823 2888 931 2952 Ioanni
947 2890 1160 2975 Hierosolyme
1182 2893 1245 2975 regi
1265 2893 1448 2971 coniundlis
1463 2893 1493 2955 in
1514 2915 1590 2956 con·

559 2978 631 3041 cilio
647 2977 750 3040 adium
769 2977 822 3058 est,
844 2978 1020 3042 Damiatam
1042 2979 1166 3065 Egypti,
1187 2981 1295 3042 urbem
1312 2980 1388 3043 Nilo
1403 2982 1590 3066 contiguam,

559 3083 593 3130 ut
628 3067 756 3149 primam
785 3067 924 3128 omnium
952 3086 1105 3149 caperent,
1139 3069 1345 3132 adnitendum.
1375 3069 1421 3132 Ea
1448 3071 1530 3132 enim
1559 3071 1589 3132 in

560 3155 706 3238 potestate
728 3155 806 3219 facta
827 3157 992 3238 apparebat
1012 3156 1148 3239 Cayrum
1171 3158 1200 3220 δι
1222 3157 1412 3242 Babylonem
1431 3160 1590 3242 contiguas

560 3245 648 3307 urbes
672 3243 865 3327 ampliffimas
888 3242 917 3307 δι
941 3246 1106 3308 commode
1121 3245 1247 3309 obsideri
1269 3244 1351 3330 polle
1373 3244 1590 3310 &interclusas

559 3349 733 3395 commeatu
749 3333 892 3396 facillime
907 3336 1084 3417 expugnari,
1098 3356 1161 3416 quo
1172 3334 1375 3398 Soldanorum
1386 3335 1484 3418 gentis
1499 3331 1590 3396 sarra-

560 3444 635 3487 cene
650 3423 824 3505 principum
841 3421 1000 3484 domicilio
1017 3424 1046 3484 in
1062 3421 1294 3486 christianorum
1311 3423 1489 3506 potestatem
1509 3421 1589 3484 ladio

559 3510 694 3572 futurum
718 3511 924 3589 confidebant,
949 3527 983 3573 ut
1007 3512 1107 3575 omnis
1128 3533 1164 3573 ea
1183 3510 1335 3574 barbaries
1357 3509 1508 3573 sarracena
1526 3531 1588 3572 non

561 3597 658 3661 solum
673 3599 932 3683 Hierosolyma&
955 3598 1056 3663 Terra
1070 3599 1188 3677 saneta,
1208 3599 1255 3661 sed
1268 3600 1341 3661 orbe
1357 3600 1418 3681 ipso
1440 3615 1589 3663 terrarum

560 3689 820 3752 exterminaretur.
844 3686 928 3751 Itum
954 3687 996 3751 est
1021 3690 1123 3772 itaque
1147 3710 1209 3751 non
1238 3687 1333 3771 magis
1361 3687 1589 3769 cupientiffimis

560 3798 653 3860 quam
676 3777 902 3842 conlidentibus
917 3798 1078 3860 procerum
1094 3776 1288 3861 militumque
1307 3777 1426 3856 animis,
1445 3774 1590 3840 &mense

519 3865 546 3913 ai,
562 3863 652 3927 Maio
681 3868 750 3928 anni
776 3865 876 3929 salutis
901 3864 1182 3949 duodevigesimi&
1202 3866 1367 3928 duodecies
1383 3864 1504 3928 centeni
1521 3862 1589 3927 Da·

561 3955 654 4016 miate
676 3952 792 4016 obsidio
815 3955 966 4034 inchoata,
990 3976 1027 4017 ea
1049 3955 1155 4017 civitas
1176 3953 1252 4015 olim
1277 3952 1452 4036 Heliopolis
1477 3974 1494 4014 a
1517 3951 1590 4015 Per-

561 4043 659 4106 tinace
675 4042 768 4105 Helio
783 4042 944 4105 conditore
966 4040 1126 4126 appellata,
1147 4040 1259 4123 triplici
1278 4062 1437 4103 murorum
1453 4039 1589 4103 latericio

561 4129 797 4194 densrlitmorum
816 4131 1008 4194 munimento
1022 4131 1164 4213 cingitur,
1179 4150 1271 4213 quam
1285 4129 1353 4192 Nili
1375 4129 1472 4192 amnis
1493 4129 1588 4211 parti·

561 4217 629 4281 cula
652 4219 688 4280 ad
713 4220 830 4281 romani
849 4217 984 4302 Tyberis
1009 4218 1249 4300 magnitudinem
1273 4217 1379 4295 ambit,
1404 4231 1438 4280 ut
1452 4216 1589 4294 insulam,

561 4306 608 4368 sed
625 4307 789 4390 oblongam
804 4307 991 4390 ardlamque,
1012 4307 1129 4370 efficiat.
1150 4304 1264 4370 Turris
1284 4323 1350 4369 erat
1377 4308 1498 4388 pharea,
1520 4325 1583 4368 non
