3726 5628
288 665 290 672 y
405 531 477 648 96.
507 523 709 618 Chronica
731 525 850 655 regia
877 522 1143 656 Colonienfis.
1218 559 1299 649 ¹49

270 785 337 850 sunt
349 803 442 848 naves
464 782 484 846 6
498 801 594 846 nonas
609 781 685 867 iulij,
711 781 742 846 δι
764 803 870 846 comes
885 783 1052 848 Hollandie
1067 798 1192 866 portum
1207 783 1301 866 peciit
1313 795 1382 844 ruta

269 895 342 938 cum
364 871 503 956 pluribus
526 871 655 936 navibus
674 872 705 934 in
726 891 821 955 regno
843 869 1068 954 Portugalense,
1093 873 1124 936 in
1145 873 1233 936 cuius
1253 874 1301 935 in·
1315 894 1374 940 ¹2¹7

270 965 365 1028 troitu
386 979 445 1025 tres
459 981 552 1024 naves
573 959 730 1024 consraste
744 960 811 1024 sunt
820 989 830 1038 3
852 981 958 1025 comes
972 982 1045 1025 vero
1064 963 1102 1023 de
1117 961 1214 1024 Wide
1228 983 1300 1024 cum

269 1051 336 1114 aliis
349 1050 479 1114 navibus
491 1047 644 1133 reliquum
658 1051 782 1114 intravit
794 1067 918 1133 portum
933 1051 963 1112 in
978 1053 1088 1114 eodem
1103 1069 1209 1132 regno.
1224 1045 1301 1111 lnde

268 1139 445 1202 recedentes
465 1139 485 1204 6
506 1137 573 1202 idus
596 1140 660 1224 iulij
687 1140 826 1222 proxima
851 1139 986 1222 sequenti
1015 1140 1089 1202 seria
1110 1153 1232 1221 portum
1253 1137 1355 1202 in-rut.
1370 1168 1398 1202 10

270 1243 350 1290 trant
375 1225 648 1305 Ulixibonensem;
675 1228 718 1292 est
736 1228 820 1292 enim
846 1228 1017 1292 Ulixibona
1041 1228 1148 1291 civitas
1173 1227 1301 1309 optima,
1313 1241 1355 1289 tut.
1369 1256 1395 1290 11

269 1317 387 1399 optime
408 1315 470 1393 stta,
494 1317 525 1378 in
548 1338 586 1378 eo
612 1317 725 1380 scilicet
749 1316 831 1395 loco,
857 1317 908 1380 ubi
931 1317 1076 1380 aurisetus
1094 1317 1204 1399 Tagus
1224 1316 1300 1377 mari

269 1426 405 1468 occeano
416 1404 586 1487 copulatur.
599 1405 690 1469 Hanc
700 1407 784 1468 enim
798 1406 954 1469 civitatem
965 1405 1123 1489 quondam
1133 1404 1301 1469 construxit

269 1493 389 1572 Ulixes,
409 1513 482 1556 cum
496 1514 514 1556 a
526 1493 628 1557 Troia
642 1493 709 1578 post
722 1496 786 1558 eius
808 1493 1046 1558 destrudiionetn
1065 1493 1197 1570 rccessit3
1219 1493 1301 1574 prius
1383 1513 1386 1520 ·

268 1583 352 1646 eninr
373 1581 488 1644 ibidem
509 1581 666 1646 invenerat
688 1582 845 1647 Achillem
870 1584 949 1648 inter
968 1582 1045 1648 filias
1059 1581 1249 1667 Lycomedis
1269 1581 1301 1644 in

269 1669 349 1734 veste
370 1669 512 1733 muliebri
534 1669 691 1735 latentem.
713 1673 807 1735 Nunc
829 1690 932 1735 autem
954 1673 995 1734 ibi
1015 1687 1175 1735 veneratur
1188 1691 1301 1752 corpus

269 1757 348 1821 beati
364 1758 520 1841 Vincentij
544 1760 636 1822 levite
656 1759 686 1824 δι
706 1760 847 1823 martiris.
872 1759 955 1824 Cum
976 1761 1079 1843 itaque
1101 1759 1174 1822 dieti
1195 1779 1301 1822 cruce-

267 1842 373 1928 fignati
388 1867 443 1928 per
456 1847 575 1930 aliquot
589 1848 653 1912 dies
673 1849 704 1911 in
719 1848 779 1911 hoc
794 1846 865 1910 loco
880 1863 1082 1927 morarentur,
1104 1846 1301 1929 expeslantes

267 1931 341 1998 alias
355 1955 447 1998 naves
461 1956 533 1997 cum
544 1936 655 2020 quibus
669 1934 880 2014 condixerant,
896 1933 1081 1998 accesserunt
1092 1935 1129 1998 ad
1144 1957 1198 1998 eos
1209 1933 1301 1998 Seve-

267 2023 328 2086 rius
342 2021 502 2106 episcopus
519 2021 758 2102 Ulixibonensts,
772 2023 932 2107 episcopus
943 2021 1128 2103 Elborensts,
1143 2021 1300 2086 Martinus

267 2110 502 2174 commendator
523 2109 637 2192 miliqie
662 2114 699 2175 de
725 2111 870 2190 Palmela,
893 2111 1078 2196 Templarij,
1103 2109 1298 2195 Hospitalarij

267 2219 340 2260 cum
363 2199 430 2263 aliis
452 2201 608 2264 nobilibus
630 2199 814 2286 Portugalie,
838 2199 902 2263 suas
923 2200 967 2264 eis
989 2201 1150 2264 continuas
1175 2199 1301 2263 tribula-

268 2287 367 2351 tiones
385 2287 579 2372 &angustias
600 2311 638 2351 ex
652 2291 748 2352 nimia
762 2289 876 2352 vicinia
889 2289 1125 2351 Sarracenorum
1140 2286 1300 2372 querulose

267 2395 303 2437 ac
323 2373 558 2440 lamentabiliter
580 2376 784 2460 exponebant,
807 2373 968 2439 asserentes
992 2375 1121 2438 castrum
1144 2374 1300 2459 quoddam

267 2459 325 2524 else
349 2464 380 2526 in
405 2464 519 2528 foribus
543 2464 678 2547 ipsorum
702 2486 720 2526 a
740 2464 913 2528 Sarracenis
937 2465 1151 2545 inhabitatum,
1173 2465 1300 2528 nomine

267 2550 399 2631 Alchaa,
419 2574 513 2636 aquo
528 2552 604 2616 olim
619 2555 734 2633 fratres,
755 2556 806 2637 qui
823 2554 862 2616 de
878 2552 994 2618 Gladio
1010 2552 1213 2636 appellantur,
1233 2555 1300 2616 sunt

237 2675 239 2678 ·
270 2639 358 2704 eiedli
373 2641 404 2704 Bt
417 2643 572 2724 captivati,
596 2641 741 2705 addentes
762 2643 871 2720 eciam,
885 2642 944 2704 hoc
966 2640 1095 2704 castrum
1110 2643 1141 2704 in
1157 2639 1299 2725 pensione

271 2745 327 2792 100
347 2729 579 2794 christianorum
599 2730 651 2793 suo
673 2732 736 2814 regi
758 2731 796 2794 dc
812 2729 961 2794 Marroch
982 2729 1104 2812 singulis
1123 2732 1209 2794 annis
1233 2732 1299 2794 fore

268 2817 447 2900 obligatum.
472 2818 583 2903 Sicque
598 2820 762 2902 petierunt,
786 2836 820 2882 ut
840 2820 951 2882 intuitu
973 2818 1132 2882 christiane
1145 2820 1299 2902 religionis

268 2906 305 2968 ab
320 2904 429 2970 incolis
453 2908 542 2970 buius
560 2907 621 2972 loci
647 2907 747 2972 valida
771 2930 862 2972 manu
878 2929 931 2972 eos
946 2908 1142 2990 dignarentur
1163 2909 1300 2988 liberare,

267 3016 339 3058 cum
363 2996 424 3058 hoc
445 2996 575 3060 castrum
597 2994 669 3060 esset
692 2997 786 3062 clavis
805 2997 836 3060 δι
851 2997 1038 3060 antemurale
1063 2999 1164 3061 tocius
1188 2999 1299 3062 erroris

267 3083 431 3167 Hyspanie.
456 3087 501 3148 At
525 3086 601 3149 dissi
625 3088 754 3151 comites
778 3085 906 3150 consilio
928 3108 1001 3149 cum
1025 3086 1159 3150 discretis
1183 3087 1299 3168 habito,

267 3175 458 3238 attendentes
473 3176 554 3238 viam
568 3176 661 3239 maris
676 3197 713 3238 ex
728 3175 926 3261 inequalitate
941 3176 1087 3259 temporis
1102 3177 1146 3238 eis
1160 3173 1220 3238 elle
1234 3197 1299 3258 pre·

267 3260 391 3342 clusam,
411 3262 440 3326 &
456 3262 633 3346 presentiam
655 3263 789 3346 ipsorum
802 3265 905 3328 Terre
920 3263 1029 3328 Sansle
1044 3265 1145 3327 minus
1160 3265 1225 3328 sore
1240 3267 1300 3329 uti-

249 3350 339 3430 ·lem,
360 3353 492 3414 maxime
510 3373 582 3415 cum
597 3351 811 3416 Romanorum
834 3373 888 3416 rex
909 3353 939 3416 &
955 3352 1089 3416 Romani
1108 3374 1180 3416 cum
1195 3355 1299 3422 multis

268 3441 455 3523 principibus
469 3440 654 3505 Alemannie
663 3443 725 3504 hoc
737 3459 877 3526 ternpore
889 3464 953 3504 non
969 3442 1127 3520 transeant,
1141 3441 1300 3526 elegerunt

268 3530 369 3610 potius
387 3530 417 3590 in
432 3527 579 3612 obsequio
600 3532 705 3594 divino
721 3532 826 3595 medio
845 3549 984 3613 tempore
999 3530 1138 3594 insudare
1153 3532 1182 3594 δι
1196 3533 1300 3598 inimi·

267 3637 376 3680 corum
389 3615 461 3678 fidei
476 3615 552 3680 fines
567 3619 719 3698 invadere,
733 3640 825 3701 quam
841 3621 921 3702 apud
938 3619 1042 3682 locum
1053 3619 1187 3703 aliquem
1202 3618 1300 3702 quies-

266 3706 366 3768 cendo
381 3722 537 3790 tamquam
548 3704 620 3770 servi
638 3708 759 3772 inutiles
774 3710 844 3772 ocio
856 3729 973 3771 vacare.
988 3709 1100 3792 Sicque
1110 3709 1147 3772 ad
1160 3708 1300 3774 obsiden-

267 3797 341 3856 dum
356 3796 506 3876 prefatum
520 3796 649 3859 castrum
663 3797 869 3880 conspiratum
883 3796 934 3860 est.
957 3798 1010 3862 Ab
1023 3799 1084 3860 hoc
1100 3799 1202 3882 itaque
1217 3799 1298 3862 samo

268 3880 392 3964 plurimi
417 3883 645 3965 discordabant,
673 3886 702 3950 &
731 3888 863 3950 maxime
892 3886 1051 3966 Fresones‚
1079 3889 1130 3970 qui
1161 3889 1300 3969 proxima

174 4004 195 4049 p.
207 3999 250 4045 ψ
267 3969 402 4055 sequenti
417 3971 491 4034 seria
506 3973 572 4054 post
592 3974 699 4037 festum
718 3973 822 4039 lacobi
838 3977 874 4038 ab
890 3975 1061 4039 Ulixibona
1074 3997 1146 4040 cum
1160 3977 1200 4040 80
1213 3976 1299 4038 navi·
1311 3990 1353 4038 rut.
1366 3992 1395 4038 2⁶

268 4061 324 4122 bus
338 4061 387 4122 vel
409 4061 501 4144 paulo
523 4062 591 4144 plus
612 4061 805 4128 recesserunt.
829 4065 942 4128 Tertio
957 4067 1049 4150 igitur
1073 4066 1132 4128 kal.
1152 4064 1266 4149 augusti
1282 4087 1354 4132 atur.
1367 4099 1397 4148 ³0

268 4149 358 4213 didlis
378 4151 543 4213 comitibus
568 4149 716 4214 obsessum
738 4153 780 4216 est
799 4154 938 4233 castrum,
966 4154 1014 4216 sed
1044 4174 1062 4239 3
1089 4175 1185 4218 nonas
1208 4155 1298 4218 buius
1311 4176 1396 4234 num

267 4236 377 4303 mensis
400 4241 589 4306 advenerunt
613 4241 645 4306 in
659 4241 788 4325 pulchro
812 4245 960 4307 comitatu
984 4243 1091 4326 prefati
1113 4244 1298 4326 episcopi&
