<?xml version="1.0" encoding="UTF-8"?>
<!DOCTYPE html PUBLIC "-//W3C//DTD XHTML 1.0 Transitional//EN"
    "http://www.w3.org/TR/xhtml1/DTD/xhtml1-transitional.dtd">
<html xmlns="http://www.w3.org/1999/xhtml" xml:lang="en" lang="en">
 <head>
  <title>
</title>
<meta http-equiv="Content-Type" content="text/html;charset=utf-8" />
  <meta name='ocr-system' content='tesseract 3.04.00' />
  <meta name='ocr-capabilities' content='ocr_page ocr_carea ocr_par ocr_line ocrx_word'/>
</head>
<body>
  <div class='ocr_page' id='page_1' title='image "./testimoniaminor00rhgoog_0206.png"; bbox 0 0 3726 5628; ppageno 0'>
   <div class='ocr_carea' id='block_1_1' title="bbox 447 487 1276 623">
    <p class='ocr_par' dir='ltr' id='par_1_1' title="bbox 447 487 1276 623">
     <span class='ocr_line' id='line_1_1' title="bbox 447 487 1276 623; baseline -0.01 -34"><span class='ocrx_word' id='word_1_1' title='bbox 447 529 520 619; x_wconf 86' lang='lat'>77.</span> <span class='ocrx_word' id='word_1_2' title='bbox 560 496 736 590; x_wconf 74' lang='lat' dir='ltr'>‘ihomas</span> <span class='ocrx_word' id='word_1_3' title='bbox 759 487 1094 623; x_wconf 83' lang='lat' dir='ltr'>Contiprotenfis.</span> <span class='ocrx_word' id='word_1_4' title='bbox 1203 521 1276 584; x_wconf 68' lang='grc' dir='ltr'>ιιι</span> 
     </span>
    </p>
   </div>
   <div class='ocr_carea' id='block_1_2' title="bbox 264 755 1290 1268">
    <p class='ocr_par' dir='ltr' id='par_1_2' title="bbox 264 755 1290 1268">
     <span class='ocr_line' id='line_1_2' title="bbox 265 755 1287 843; baseline -0.004 -22"><span class='ocrx_word' id='word_1_5' title='bbox 265 759 308 822; x_wconf 86' lang='lat' dir='ltr'>illi</span> <span class='ocrx_word' id='word_1_6' title='bbox 329 761 360 822; x_wconf 91' lang='lat' dir='ltr'>in</span> <span class='ocrx_word' id='word_1_7' title='bbox 380 761 437 822; x_wconf 89' lang='lat' dir='ltr'>bac</span> <span class='ocrx_word' id='word_1_8' title='bbox 459 759 519 822; x_wconf 90' lang='lat' dir='ltr'>vita</span> <span class='ocrx_word' id='word_1_9' title='bbox 540 780 663 843; x_wconf 80' lang='lat' dir='ltr'>parcere</span> <span class='ocrx_word' id='word_1_10' title='bbox 686 759 793 838; x_wconf 86' lang='lat' dir='ltr'>voluit,</span> <span class='ocrx_word' id='word_1_11' title='bbox 810 760 883 842; x_wconf 92' lang='lat' dir='ltr'>quin</span> <span class='ocrx_word' id='word_1_12' title='bbox 906 777 976 820; x_wconf 89' lang='lat' dir='ltr'>eum</span> <span class='ocrx_word' id='word_1_13' title='bbox 1002 777 1055 840; x_wconf 92' lang='lat' dir='ltr'>pro</span> <span class='ocrx_word' id='word_1_14' title='bbox 1081 755 1287 818; x_wconf 84' lang='lat' dir='ltr'>inobedientia</span> 
     </span>
     <span class='ocr_line' id='line_1_3' title="bbox 264 845 1287 934; baseline -0.006 -20"><span class='ocrx_word' id='word_1_15' title='bbox 264 866 349 914; x_wconf 85' lang='lat' dir='ltr'>tanto</span> <span class='ocrx_word' id='word_1_16' title='bbox 367 849 514 931; x_wconf 89' lang='lat' dir='ltr'>temporis</span> <span class='ocrx_word' id='word_1_17' title='bbox 528 846 622 930; x_wconf 88' lang='lat' dir='ltr'>spatio</span> <span class='ocrx_word' id='word_1_18' title='bbox 637 847 810 931; x_wconf 79' lang='lat' dir='ltr'>flagellaret.</span> <span class='ocrx_word' id='word_1_19' title='bbox 827 846 915 934; x_wconf 74' lang='lat' dir='ltr'>Quid</span> <span class='ocrx_word' id='word_1_20' title='bbox 930 868 1004 932; x_wconf 89' lang='lat' dir='ltr'>ergo</span> <span class='ocrx_word' id='word_1_21' title='bbox 1019 849 1057 909; x_wconf 92' lang='lat' dir='ltr'>de</span> <span class='ocrx_word' id='word_1_22' title='bbox 1071 847 1160 910; x_wconf 91' lang='lat' dir='ltr'>nobis</span> <span class='ocrx_word' id='word_1_23' title='bbox 1175 845 1287 908; x_wconf 88' lang='lat' dir='ltr'>miseris</span> 
     </span>
     <span class='ocr_line' id='line_1_4' title="bbox 265 936 1288 1020; baseline -0.005 -17"><span class='ocrx_word' id='word_1_24' title='bbox 265 938 463 1015; x_wconf 81' lang='lat' dir='ltr'>suturumest,</span> <span class='ocrx_word' id='word_1_25' title='bbox 477 938 529 1018; x_wconf 89' lang='lat' dir='ltr'>qui</span> <span class='ocrx_word' id='word_1_26' title='bbox 552 936 727 1020; x_wconf 89' lang='lat' dir='ltr'>parentibus</span> <span class='ocrx_word' id='word_1_27' title='bbox 749 937 958 1002; x_wconf 78' lang='lat' dir='ltr'>inobedientes</span> <span class='ocrx_word' id='word_1_28' title='bbox 979 936 1153 1019; x_wconf 87' lang='lat' dir='ltr'>frequenter</span> <span class='ocrx_word' id='word_1_29' title='bbox 1176 936 1288 998; x_wconf 87' lang='lat' dir='ltr'>suimus</span> 
     </span>
     <span class='ocr_line' id='line_1_5' title="bbox 266 1022 1289 1111; baseline -0.005 -20"><span class='ocrx_word' id='word_1_30' title='bbox 266 1028 295 1091; x_wconf 79' lang='grc' dir='ltr'>δι</span> <span class='ocrx_word' id='word_1_31' title='bbox 311 1027 443 1111; x_wconf 85' lang='lat' dir='ltr'>prelatis,</span> <span class='ocrx_word' id='word_1_32' title='bbox 457 1025 486 1088; x_wconf 77' lang='lat' dir='ltr'>dt</span> <span class='ocrx_word' id='word_1_33' title='bbox 499 1024 571 1088; x_wconf 91' lang='lat' dir='ltr'>Deo</span> <span class='ocrx_word' id='word_1_34' title='bbox 584 1028 658 1109; x_wconf 90' lang='lat' dir='ltr'>patri</span> <span class='ocrx_word' id='word_1_35' title='bbox 674 1025 814 1088; x_wconf 91' lang='lat' dir='ltr'>omnium</span> <span class='ocrx_word' id='word_1_36' title='bbox 829 1028 971 1103; x_wconf 85' lang='lat' dir='ltr'>maxime,</span> <span class='ocrx_word' id='word_1_37' title='bbox 985 1026 1037 1107; x_wconf 92' lang='lat' dir='ltr'>qui</span> <span class='ocrx_word' id='word_1_38' title='bbox 1053 1046 1110 1088; x_wconf 92' lang='lat' dir='ltr'>nos</span> <span class='ocrx_word' id='word_1_39' title='bbox 1124 1025 1238 1087; x_wconf 88' lang='lat' dir='ltr'>creavit</span> <span class='ocrx_word' id='word_1_40' title='bbox 1259 1022 1289 1086; x_wconf 77' lang='grc' dir='ltr'>δι</span> 
     </span>
     <span class='ocr_line' id='line_1_6' title="bbox 267 1113 1290 1200; baseline -0.003 -22"><span class='ocrx_word' id='word_1_41' title='bbox 267 1117 367 1199; x_wconf 84' lang='lat' dir='ltr'>pascit,</span> <span class='ocrx_word' id='word_1_42' title='bbox 389 1117 409 1179; x_wconf 85' lang='lat' dir='ltr'>sr</span> <span class='ocrx_word' id='word_1_43' title='bbox 425 1134 487 1180; x_wconf 88' lang='lat' dir='ltr'>tam</span> <span class='ocrx_word' id='word_1_44' title='bbox 501 1117 637 1200; x_wconf 69' lang='lat' dir='ltr'>perfesio</span> <span class='ocrx_word' id='word_1_45' title='bbox 651 1117 718 1178; x_wconf 88' lang='lat' dir='ltr'>viro</span> <span class='ocrx_word' id='word_1_46' title='bbox 734 1137 788 1198; x_wconf 93' lang='lat' dir='ltr'>pro</span> <span class='ocrx_word' id='word_1_47' title='bbox 812 1115 873 1177; x_wconf 91' lang='lat' dir='ltr'>sola</span> <span class='ocrx_word' id='word_1_48' title='bbox 888 1113 1096 1178; x_wconf 82' lang='lat' dir='ltr'>inobedientia</span> <span class='ocrx_word' id='word_1_49' title='bbox 1108 1136 1171 1177; x_wconf 94' lang='lat' dir='ltr'>non</span> <span class='ocrx_word' id='word_1_50' title='bbox 1183 1134 1290 1197; x_wconf 87' lang='lat' dir='ltr'>peper-</span> 
     </span>
     <span class='ocr_line' id='line_1_7' title="bbox 265 1205 416 1268; baseline 0.013 -2"><span class='ocrx_word' id='word_1_51' title='bbox 265 1205 347 1268; x_wconf 82' lang='lat' dir='ltr'>citt.</span> <span class='ocrx_word' id='word_1_52' title='bbox 363 1251 370 1268; x_wconf 92' lang='lat'>.</span> <span class='ocrx_word' id='word_1_53' title='bbox 386 1252 393 1268; x_wconf 92' lang='lat'><strong>.</strong></span> <span class='ocrx_word' id='word_1_54' title='bbox 408 1252 416 1268; x_wconf 92' lang='lat'><strong>.</strong></span> 
     </span>
    </p>
   </div>
   <div class='ocr_carea' id='block_1_3' title="bbox 474 1384 1076 1598">
    <p class='ocr_par' dir='ltr' id='par_1_3' title="bbox 474 1384 1076 1598">
     <span class='ocr_line' id='line_1_8' title="bbox 649 1384 912 1452; baseline 0.004 -17"><span class='ocrx_word' id='word_1_55' title='bbox 649 1384 912 1452; x_wconf 46' lang='lat' dir='ltr'>Ubbcqmq.</span> 
     </span>
     <span class='ocr_line' id='line_1_9' title="bbox 474 1509 1076 1598; baseline 0.002 -23"><span class='ocrx_word' id='word_1_56' title='bbox 474 1514 521 1576; x_wconf 81' lang='lat' dir='ltr'>De</span> <span class='ocrx_word' id='word_1_57' title='bbox 535 1514 610 1592; x_wconf 83' lang='lat' dir='ltr'>viro,</span> <span class='ocrx_word' id='word_1_58' title='bbox 624 1515 671 1595; x_wconf 83' lang='lat' dir='ltr'>qui</span> <span class='ocrx_word' id='word_1_59' title='bbox 683 1509 793 1592; x_wconf 76' lang='lat' dir='ltr'>Christo</span> <span class='ocrx_word' id='word_1_60' title='bbox 806 1515 990 1598; x_wconf 80' lang='lat' dir='ltr'>compatimdo</span> <span class='ocrx_word' id='word_1_61' title='bbox 1003 1516 1076 1577; x_wconf 86' lang='lat' dir='ltr'>obiit.</span> 
     </span>
    </p>
   </div>
   <div class='ocr_carea' id='block_1_4' title="bbox 174 1672 1364 3436">
    <p class='ocr_par' dir='ltr' id='par_1_4' title="bbox 174 1672 1364 1934">
     <span class='ocr_line' id='line_1_10' title="bbox 174 1672 1364 1762; baseline 0.004 -31"><span class='ocrx_word' id='word_1_62' title='bbox 174 1703 196 1748; x_wconf 76' lang='lat' dir='ltr'>p.</span> <span class='ocrx_word' id='word_1_63' title='bbox 209 1699 252 1731; x_wconf 77' lang='lat'>102</span> <span class='ocrx_word' id='word_1_64' title='bbox 307 1675 396 1762; x_wconf 79' lang='lat' dir='ltr'>Quid</span> <span class='ocrx_word' id='word_1_65' title='bbox 412 1688 513 1735; x_wconf 88' lang='lat' dir='ltr'>autem</span> <span class='ocrx_word' id='word_1_66' title='bbox 529 1673 558 1734; x_wconf 93' lang='lat' dir='ltr'>in</span> <span class='ocrx_word' id='word_1_67' title='bbox 573 1672 749 1754; x_wconf 89' lang='lat' dir='ltr'>exemplum</span> <span class='ocrx_word' id='word_1_68' title='bbox 770 1676 859 1738; x_wconf 89' lang='lat' dir='ltr'>huius</span> <span class='ocrx_word' id='word_1_69' title='bbox 884 1676 1008 1738; x_wconf 89' lang='lat' dir='ltr'>materie</span> <span class='ocrx_word' id='word_1_70' title='bbox 1023 1676 1198 1759; x_wconf 87' lang='lat' dir='ltr'>contigerit,</span> <span class='ocrx_word' id='word_1_71' title='bbox 1215 1674 1292 1738; x_wconf 89' lang='lat' dir='ltr'>refe-</span> <span class='ocrx_word' id='word_1_72' title='bbox 1306 1683 1364 1728; x_wconf 83' lang='lat'><strong>¹²¹⁷</strong></span> 
     </span>
     <span class='ocr_line' id='line_1_11' title="bbox 267 1759 1293 1846; baseline -0.001 -19"><span class='ocrx_word' id='word_1_73' title='bbox 267 1784 367 1827; x_wconf 88' lang='lat' dir='ltr'>ramus</span> <span class='ocrx_word' id='word_1_74' title='bbox 378 1761 453 1824; x_wconf 88' lang='lat' dir='ltr'>ficut</span> <span class='ocrx_word' id='word_1_75' title='bbox 466 1783 483 1823; x_wconf 90' lang='lat' dir='ltr'>a</span> <span class='ocrx_word' id='word_1_76' title='bbox 498 1759 557 1823; x_wconf 87' lang='lat' dir='ltr'>fide</span> <span class='ocrx_word' id='word_1_77' title='bbox 568 1761 667 1846; x_wconf 85' lang='lat' dir='ltr'>dignis</span> <span class='ocrx_word' id='word_1_78' title='bbox 689 1763 872 1845; x_wconf 89' lang='lat' dir='ltr'>accepimus.</span> <span class='ocrx_word' id='word_1_79' title='bbox 890 1764 984 1828; x_wconf 87' lang='lat' dir='ltr'>Circa</span> <span class='ocrx_word' id='word_1_80' title='bbox 997 1786 1111 1826; x_wconf 91' lang='lat' dir='ltr'>annum</span> <span class='ocrx_word' id='word_1_81' title='bbox 1135 1764 1173 1826; x_wconf 90' lang='lat' dir='ltr'>ab</span> <span class='ocrx_word' id='word_1_82' title='bbox 1195 1764 1293 1826; x_wconf 91' lang='lat' dir='ltr'>incar-</span> 
     </span>
     <span class='ocr_line' id='line_1_12' title="bbox 269 1848 1293 1934; baseline 0.002 -20"><span class='ocrx_word' id='word_1_83' title='bbox 269 1855 392 1914; x_wconf 85' lang='lat' dir='ltr'>natione</span> <span class='ocrx_word' id='word_1_84' title='bbox 414 1850 544 1913; x_wconf 88' lang='lat' dir='ltr'>Domini</span> <span class='ocrx_word' id='word_1_85' title='bbox 561 1848 743 1916; x_wconf 89' lang='lat' dir='ltr'>MCCXVI</span> <span class='ocrx_word' id='word_1_86' title='bbox 755 1851 879 1934; x_wconf 89' lang='lat' dir='ltr'>quidam</span> <span class='ocrx_word' id='word_1_87' title='bbox 892 1854 940 1914; x_wconf 89' lang='lat' dir='ltr'>vir</span> <span class='ocrx_word' id='word_1_88' title='bbox 960 1852 1057 1916; x_wconf 86' lang='lat' dir='ltr'>fidelis</span> <span class='ocrx_word' id='word_1_89' title='bbox 1079 1852 1108 1915; x_wconf 69' lang='grc' dir='ltr'>ἃ</span> <span class='ocrx_word' id='word_1_90' title='bbox 1133 1853 1231 1916; x_wconf 91' lang='lat' dir='ltr'>bonus</span> <span class='ocrx_word' id='word_1_91' title='bbox 1255 1855 1293 1916; x_wconf 88' lang='lat' dir='ltr'>dc</span> 
     </span>
    </p>

    <p class='ocr_par' dir='ltr' id='par_1_5' title="bbox 178 1937 1301 3436">
     <span class='ocr_line' id='line_1_13' title="bbox 178 1937 1296 2024; baseline -0.003 -18"><span class='ocrx_word' id='word_1_92' title='bbox 178 1961 199 2006; x_wconf 79' lang='lat' dir='ltr'>r·</span> <span class='ocrx_word' id='word_1_93' title='bbox 213 1955 255 2003; x_wconf 80' lang='lat'>¹03</span> <span class='ocrx_word' id='word_1_94' title='bbox 269 1942 386 2023; x_wconf 90' lang='lat' dir='ltr'>oppido</span> <span class='ocrx_word' id='word_1_95' title='bbox 408 1940 586 2003; x_wconf 90' lang='lat' dir='ltr'>Dinantheo</span> <span class='ocrx_word' id='word_1_96' title='bbox 604 1961 687 2002; x_wconf 89' lang='lat' dir='ltr'>mare</span> <span class='ocrx_word' id='word_1_97' title='bbox 699 1937 853 2003; x_wconf 84' lang='lat' dir='ltr'>transiit&amp;</span> <span class='ocrx_word' id='word_1_98' title='bbox 870 1942 1012 2024; x_wconf 83' lang='lat' dir='ltr'>ingressus</span> <span class='ocrx_word' id='word_1_99' title='bbox 1025 1958 1134 2005; x_wconf 88' lang='lat' dir='ltr'>terram</span> <span class='ocrx_word' id='word_1_100' title='bbox 1153 1941 1296 2020; x_wconf 67' lang='lat' dir='ltr'>sensiam,</span> 
     </span>
     <span class='ocr_line' id='line_1_14' title="bbox 270 2025 1296 2114; baseline 0 -22"><span class='ocrx_word' id='word_1_101' title='bbox 270 2031 339 2093; x_wconf 94' lang='lat' dir='ltr'>loca</span> <span class='ocrx_word' id='word_1_102' title='bbox 353 2025 477 2112; x_wconf 81' lang='lat' dir='ltr'>lingula,</span> <span class='ocrx_word' id='word_1_103' title='bbox 491 2029 644 2113; x_wconf 89' lang='lat' dir='ltr'>inquibus</span> <span class='ocrx_word' id='word_1_104' title='bbox 660 2029 751 2111; x_wconf 87' lang='lat' dir='ltr'>pedes</span> <span class='ocrx_word' id='word_1_105' title='bbox 771 2028 901 2092; x_wconf 88' lang='lat' dir='ltr'>Domini</span> <span class='ocrx_word' id='word_1_106' title='bbox 923 2028 1030 2093; x_wconf 75' lang='lat' dir='ltr'>stetisse</span> <span class='ocrx_word' id='word_1_107' title='bbox 1051 2029 1228 2114; x_wconf 91' lang='lat' dir='ltr'>quibusdam</span> <span class='ocrx_word' id='word_1_108' title='bbox 1249 2031 1296 2092; x_wconf 94' lang='lat' dir='ltr'>in-</span> 
     </span>
     <span class='ocr_line' id='line_1_15' title="bbox 270 2115 1295 2202; baseline 0.002 -26"><span class='ocrx_word' id='word_1_109' title='bbox 270 2116 357 2180; x_wconf 90' lang='lat' dir='ltr'>diciis</span> <span class='ocrx_word' id='word_1_110' title='bbox 372 2116 533 2196; x_wconf 87' lang='lat' dir='ltr'>ferebatur,</span> <span class='ocrx_word' id='word_1_111' title='bbox 545 2117 641 2180; x_wconf 90' lang='lat' dir='ltr'>multa</span> <span class='ocrx_word' id='word_1_112' title='bbox 655 2116 819 2179; x_wconf 89' lang='lat' dir='ltr'>devotione</span> <span class='ocrx_word' id='word_1_113' title='bbox 834 2116 864 2178; x_wconf 81' lang='lat' dir='ltr'>dt</span> <span class='ocrx_word' id='word_1_114' title='bbox 877 2116 1040 2202; x_wconf 87' lang='lat' dir='ltr'>lachrymis</span> <span class='ocrx_word' id='word_1_115' title='bbox 1050 2115 1188 2181; x_wconf 78' lang='lat' dir='ltr'>visitavit.</span> <span class='ocrx_word' id='word_1_116' title='bbox 1198 2118 1295 2182; x_wconf 92' lang='lat' dir='ltr'>Cum-</span> 
     </span>
     <span class='ocr_line' id='line_1_16' title="bbox 271 2204 1295 2289; baseline 0.003 -24"><span class='ocrx_word' id='word_1_117' title='bbox 271 2227 330 2288; x_wconf 89' lang='lat' dir='ltr'>que</span> <span class='ocrx_word' id='word_1_118' title='bbox 342 2205 466 2268; x_wconf 83' lang='lat' dir='ltr'>venisset</span> <span class='ocrx_word' id='word_1_119' title='bbox 481 2209 517 2267; x_wconf 88' lang='lat' dir='ltr'>ad</span> <span class='ocrx_word' id='word_1_120' title='bbox 540 2205 643 2267; x_wconf 89' lang='lat' dir='ltr'>locum</span> <span class='ocrx_word' id='word_1_121' title='bbox 666 2205 815 2282; x_wconf 85' lang='lat' dir='ltr'>Calvarie,</span> <span class='ocrx_word' id='word_1_122' title='bbox 841 2204 891 2266; x_wconf 92' lang='lat' dir='ltr'>ubi</span> <span class='ocrx_word' id='word_1_123' title='bbox 908 2207 1136 2289; x_wconf 88' lang='lat' dir='ltr'>redemptorem</span> <span class='ocrx_word' id='word_1_124' title='bbox 1159 2207 1295 2269; x_wconf 89' lang='lat' dir='ltr'>nostrum</span> 
     </span>
     <span class='ocr_line' id='line_1_17' title="bbox 270 2292 1297 2378; baseline 0 -22"><span class='ocrx_word' id='word_1_125' title='bbox 270 2295 385 2356; x_wconf 89' lang='lat' dir='ltr'>audivit</span> <span class='ocrx_word' id='word_1_126' title='bbox 400 2295 506 2356; x_wconf 90' lang='lat' dir='ltr'>mortis</span> <span class='ocrx_word' id='word_1_127' title='bbox 521 2294 668 2377; x_wconf 88' lang='lat' dir='ltr'>angustias</span> <span class='ocrx_word' id='word_1_128' title='bbox 687 2294 716 2357; x_wconf 75' lang='lat' dir='ltr'>dt</span> <span class='ocrx_word' id='word_1_129' title='bbox 734 2295 834 2356; x_wconf 90' lang='lat' dir='ltr'>crucis</span> <span class='ocrx_word' id='word_1_130' title='bbox 856 2295 1036 2376; x_wconf 87' lang='lat' dir='ltr'>supplicium</span> <span class='ocrx_word' id='word_1_131' title='bbox 1055 2292 1216 2378; x_wconf 81' lang='lat' dir='ltr'>pertulisse,</span> <span class='ocrx_word' id='word_1_132' title='bbox 1230 2315 1297 2378; x_wconf 86' lang='lat' dir='ltr'>gra-</span> 
     </span>
     <span class='ocr_line' id='line_1_18' title="bbox 269 2381 1297 2466; baseline 0 -22"><span class='ocrx_word' id='word_1_133' title='bbox 269 2384 391 2446; x_wconf 83' lang='lat' dir='ltr'>viiiimis</span> <span class='ocrx_word' id='word_1_134' title='bbox 406 2381 534 2464; x_wconf 87' lang='lat' dir='ltr'>suspiriis</span> <span class='ocrx_word' id='word_1_135' title='bbox 545 2382 754 2466; x_wconf 83' lang='lat' dir='ltr'>ingemiscens,</span> <span class='ocrx_word' id='word_1_136' title='bbox 768 2404 839 2445; x_wconf 90' lang='lat' dir='ltr'>cum</span> <span class='ocrx_word' id='word_1_137' title='bbox 854 2383 987 2446; x_wconf 89' lang='lat' dir='ltr'>clamore</span> <span class='ocrx_word' id='word_1_138' title='bbox 1003 2382 1104 2446; x_wconf 89' lang='lat' dir='ltr'>valido</span> <span class='ocrx_word' id='word_1_139' title='bbox 1124 2383 1154 2446; x_wconf 87' lang='lat'>&amp;</span> <span class='ocrx_word' id='word_1_140' title='bbox 1179 2383 1297 2466; x_wconf 87' lang='lat' dir='ltr'>lachry-</span> 
     </span>
     <span class='ocr_line' id='line_1_19' title="bbox 271 2468 1298 2556; baseline 0 -24"><span class='ocrx_word' id='word_1_141' title='bbox 271 2475 328 2535; x_wconf 89' lang='lat' dir='ltr'>mis</span> <span class='ocrx_word' id='word_1_142' title='bbox 344 2472 435 2534; x_wconf 88' lang='lat' dir='ltr'>dixit:</span> <span class='ocrx_word' id='word_1_143' title='bbox 460 2497 471 2527; x_wconf 67' lang='grc' dir='ltr'><strong>α</strong></span> <span class='ocrx_word' id='word_1_144' title='bbox 492 2468 580 2556; x_wconf 75' lang='lat' dir='ltr'>Quid</span> <span class='ocrx_word' id='word_1_145' title='bbox 593 2470 658 2549; x_wconf 89' lang='lat' dir='ltr'>tibi,</span> <span class='ocrx_word' id='word_1_146' title='bbox 679 2471 884 2554; x_wconf 81' lang='lat' dir='ltr'>benignissime</span> <span class='ocrx_word' id='word_1_147' title='bbox 901 2471 1049 2550; x_wconf 88' lang='lat' dir='ltr'>Domine,</span> <span class='ocrx_word' id='word_1_148' title='bbox 1064 2472 1148 2554; x_wconf 85' lang='lat' dir='ltr'>quid,</span> <span class='ocrx_word' id='word_1_149' title='bbox 1161 2475 1298 2554; x_wconf 87' lang='lat' dir='ltr'>inquam,</span> 
     </span>
     <span class='ocr_line' id='line_1_20' title="bbox 272 2559 1298 2643; baseline -0.001 -21"><span class='ocrx_word' id='word_1_150' title='bbox 272 2561 325 2622; x_wconf 90' lang='lat' dir='ltr'>tibi</span> <span class='ocrx_word' id='word_1_151' title='bbox 341 2559 461 2623; x_wconf 90' lang='lat' dir='ltr'>Christe</span> <span class='ocrx_word' id='word_1_152' title='bbox 476 2559 641 2621; x_wconf 87' lang='lat' dir='ltr'>retribuam</span> <span class='ocrx_word' id='word_1_153' title='bbox 657 2580 716 2642; x_wconf 78' lang='lat' dir='ltr'>pro¹</span> <span class='ocrx_word' id='word_1_154' title='bbox 727 2560 881 2638; x_wconf 89' lang='lat' dir='ltr'>omnibus,</span> <span class='ocrx_word' id='word_1_155' title='bbox 894 2582 954 2643; x_wconf 88' lang='lat' dir='ltr'>que</span> <span class='ocrx_word' id='word_1_156' title='bbox 974 2563 1056 2642; x_wconf 90' lang='lat' dir='ltr'>prius</span> <span class='ocrx_word' id='word_1_157' title='bbox 1076 2577 1193 2623; x_wconf 86' lang='lat' dir='ltr'>amator</span> <span class='ocrx_word' id='word_1_158' title='bbox 1216 2580 1298 2621; x_wconf 91' lang='lat' dir='ltr'>ama-</span> 
     </span>
     <span class='ocr_line' id='line_1_21' title="bbox 272 2646 1298 2732; baseline 0 -22"><span class='ocrx_word' id='word_1_159' title='bbox 272 2648 340 2710; x_wconf 88' lang='lat' dir='ltr'>bilis</span> <span class='ocrx_word' id='word_1_160' title='bbox 352 2647 427 2709; x_wconf 90' lang='lat' dir='ltr'>mihi</span> <span class='ocrx_word' id='word_1_161' title='bbox 443 2646 623 2710; x_wconf 90' lang='lat' dir='ltr'>mirabiliter</span> <span class='ocrx_word' id='word_1_162' title='bbox 645 2648 797 2710; x_wconf 87' lang='lat' dir='ltr'>tribuisti?</span> <span class='ocrx_word' id='word_1_163' title='bbox 822 2648 896 2710; x_wconf 92' lang='lat' dir='ltr'>Vidi</span> <span class='ocrx_word' id='word_1_164' title='bbox 920 2648 1008 2731; x_wconf 88' lang='lat' dir='ltr'>plura</span> <span class='ocrx_word' id='word_1_165' title='bbox 1032 2648 1110 2726; x_wconf 87' lang='lat' dir='ltr'>loca,</span> <span class='ocrx_word' id='word_1_166' title='bbox 1131 2649 1161 2710; x_wconf 92' lang='lat' dir='ltr'>in</span> <span class='ocrx_word' id='word_1_167' title='bbox 1188 2648 1298 2732; x_wconf 87' lang='lat' dir='ltr'>quibus</span> 
     </span>
     <span class='ocr_line' id='line_1_22' title="bbox 273 2734 1298 2819; baseline -0.003 -20"><span class='ocrx_word' id='word_1_168' title='bbox 273 2753 360 2799; x_wconf 89' lang='lat' dir='ltr'>natus</span> <span class='ocrx_word' id='word_1_169' title='bbox 376 2734 405 2797; x_wconf 79' lang='grc' dir='ltr'>δι</span> <span class='ocrx_word' id='word_1_170' title='bbox 420 2735 498 2797; x_wconf 90' lang='lat' dir='ltr'>inter</span> <span class='ocrx_word' id='word_1_171' title='bbox 519 2736 657 2800; x_wconf 90' lang='lat' dir='ltr'>homines</span> <span class='ocrx_word' id='word_1_172' title='bbox 677 2737 878 2815; x_wconf 86' lang='lat' dir='ltr'>conversatus,</span> <span class='ocrx_word' id='word_1_173' title='bbox 899 2737 1069 2800; x_wconf 62' lang='lat' dir='ltr'>doetrinam</span> <span class='ocrx_word' id='word_1_174' title='bbox 1092 2736 1298 2819; x_wconf 86' lang='lat' dir='ltr'>evangelicam</span> 
     </span>
     <span class='ocr_line' id='line_1_23' title="bbox 274 2823 1297 2908; baseline -0.005 -20"><span class='ocrx_word' id='word_1_175' title='bbox 274 2823 431 2907; x_wconf 89' lang='lat' dir='ltr'>predicasti</span> <span class='ocrx_word' id='word_1_176' title='bbox 451 2823 614 2888; x_wconf 86' lang='lat' dir='ltr'>&amp;deitatis</span> <span class='ocrx_word' id='word_1_177' title='bbox 636 2841 687 2887; x_wconf 90' lang='lat' dir='ltr'>tue</span> <span class='ocrx_word' id='word_1_178' title='bbox 705 2825 818 2888; x_wconf 91' lang='lat' dir='ltr'>indicia</span> <span class='ocrx_word' id='word_1_179' title='bbox 840 2846 893 2908; x_wconf 88' lang='lat' dir='ltr'>per</span> <span class='ocrx_word' id='word_1_180' title='bbox 913 2826 1060 2890; x_wconf 89' lang='lat' dir='ltr'>miracula</span> <span class='ocrx_word' id='word_1_181' title='bbox 1083 2823 1297 2888; x_wconf 87' lang='lat' dir='ltr'>demonstrasti.</span> 
     </span>
     <span class='ocr_line' id='line_1_24' title="bbox 273 2911 1299 2994; baseline -0.003 -18"><span class='ocrx_word' id='word_1_182' title='bbox 273 2914 342 2976; x_wconf 91' lang='lat' dir='ltr'>Nec</span> <span class='ocrx_word' id='word_1_183' title='bbox 359 2913 494 2994; x_wconf 90' lang='lat' dir='ltr'>quidem,</span> <span class='ocrx_word' id='word_1_184' title='bbox 505 2912 546 2974; x_wconf 98' lang='lat' dir='ltr'>ob</span> <span class='ocrx_word' id='word_1_185' title='bbox 558 2934 695 2975; x_wconf 90' lang='lat' dir='ltr'>amorem</span> <span class='ocrx_word' id='word_1_186' title='bbox 716 2911 746 2975; x_wconf 75' lang='grc' dir='ltr'>δι</span> <span class='ocrx_word' id='word_1_187' title='bbox 768 2916 968 2976; x_wconf 88' lang='lat' dir='ltr'>reverentiam</span> <span class='ocrx_word' id='word_1_188' title='bbox 990 2917 1044 2993; x_wconf 85' lang='lat' dir='ltr'>tui,</span> <span class='ocrx_word' id='word_1_189' title='bbox 1067 2914 1179 2977; x_wconf 79' lang='lat' dir='ltr'>sincero</span> <span class='ocrx_word' id='word_1_190' title='bbox 1205 2914 1299 2976; x_wconf 88' lang='lat' dir='ltr'>corde</span> 
     </span>
     <span class='ocr_line' id='line_1_25' title="bbox 274 2999 1299 3084; baseline -0.002 -22"><span class='ocrx_word' id='word_1_191' title='bbox 274 2999 454 3081; x_wconf 87' lang='lat' dir='ltr'>complexus</span> <span class='ocrx_word' id='word_1_192' title='bbox 475 3000 559 3062; x_wconf 88' lang='lat' dir='ltr'>sum:</span> <span class='ocrx_word' id='word_1_193' title='bbox 593 3002 673 3064; x_wconf 90' lang='lat' dir='ltr'>bunc</span> <span class='ocrx_word' id='word_1_194' title='bbox 688 3023 761 3064; x_wconf 90' lang='lat' dir='ltr'>vero</span> <span class='ocrx_word' id='word_1_195' title='bbox 781 3000 884 3062; x_wconf 90' lang='lat' dir='ltr'>locum</span> <span class='ocrx_word' id='word_1_196' title='bbox 907 3003 1045 3084; x_wconf 84' lang='lat' dir='ltr'>paffionis</span> <span class='ocrx_word' id='word_1_197' title='bbox 1065 2999 1095 3063; x_wconf 74' lang='grc' dir='ltr'>δι</span> <span class='ocrx_word' id='word_1_198' title='bbox 1123 3001 1229 3062; x_wconf 88' lang='lat' dir='ltr'>mortis</span> <span class='ocrx_word' id='word_1_199' title='bbox 1247 3016 1299 3061; x_wconf 88' lang='lat' dir='ltr'>tue</span> 
     </span>
     <span class='ocr_line' id='line_1_26' title="bbox 273 3085 1301 3172; baseline -0.002 -22"><span class='ocrx_word' id='word_1_200' title='bbox 273 3109 354 3172; x_wconf 88' lang='lat' dir='ltr'>equo</span> <span class='ocrx_word' id='word_1_201' title='bbox 379 3089 481 3150; x_wconf 87' lang='lat' dir='ltr'>animo</span> <span class='ocrx_word' id='word_1_202' title='bbox 506 3089 607 3152; x_wconf 87' lang='lat' dir='ltr'>videre</span> <span class='ocrx_word' id='word_1_203' title='bbox 627 3111 687 3152; x_wconf 90' lang='lat' dir='ltr'>non</span> <span class='ocrx_word' id='word_1_204' title='bbox 710 3085 837 3172; x_wconf 80' lang='lat' dir='ltr'>possum,</span> <span class='ocrx_word' id='word_1_205' title='bbox 862 3089 913 3151; x_wconf 91' lang='lat' dir='ltr'>ubi</span> <span class='ocrx_word' id='word_1_206' title='bbox 934 3090 1027 3152; x_wconf 91' lang='lat' dir='ltr'>clavis</span> <span class='ocrx_word' id='word_1_207' title='bbox 1051 3087 1199 3171; x_wconf 82' lang='lat' dir='ltr'>crucifigi,</span> <span class='ocrx_word' id='word_1_208' title='bbox 1222 3104 1301 3149; x_wconf 89' lang='lat' dir='ltr'>tere-</span> 
     </span>
     <span class='ocr_line' id='line_1_27' title="bbox 276 3175 1301 3260; baseline 0 -22"><span class='ocrx_word' id='word_1_209' title='bbox 276 3177 350 3239; x_wconf 90' lang='lat' dir='ltr'>brari</span> <span class='ocrx_word' id='word_1_210' title='bbox 369 3177 474 3239; x_wconf 87' lang='lat' dir='ltr'>lancea</span> <span class='ocrx_word' id='word_1_211' title='bbox 489 3177 518 3239; x_wconf 76' lang='grc' dir='ltr'>δι</span> <span class='ocrx_word' id='word_1_212' title='bbox 533 3179 665 3240; x_wconf 90' lang='lat' dir='ltr'>animam</span> <span class='ocrx_word' id='word_1_213' title='bbox 681 3200 736 3260; x_wconf 89' lang='lat' dir='ltr'>pro</span> <span class='ocrx_word' id='word_1_214' title='bbox 751 3177 840 3239; x_wconf 89' lang='lat' dir='ltr'>nobis</span> <span class='ocrx_word' id='word_1_215' title='bbox 856 3178 972 3240; x_wconf 89' lang='lat' dir='ltr'>tradere</span> <span class='ocrx_word' id='word_1_216' title='bbox 992 3178 1149 3240; x_wconf 83' lang='lat' dir='ltr'>voluisti.»</span> <span class='ocrx_word' id='word_1_217' title='bbox 1175 3175 1243 3238; x_wconf 88' lang='lat' dir='ltr'>Hec</span> <span class='ocrx_word' id='word_1_218' title='bbox 1268 3193 1301 3238; x_wconf 92' lang='lat' dir='ltr'>ut</span> 
     </span>
     <span class='ocr_line' id='line_1_28' title="bbox 275 3265 1301 3348; baseline 0 -22"><span class='ocrx_word' id='word_1_219' title='bbox 275 3265 380 3330; x_wconf 89' lang='lat' dir='ltr'>beatus</span> <span class='ocrx_word' id='word_1_220' title='bbox 396 3265 447 3328; x_wconf 89' lang='lat' dir='ltr'>ille</span> <span class='ocrx_word' id='word_1_221' title='bbox 462 3268 626 3348; x_wconf 89' lang='lat' dir='ltr'>peroravit,</span> <span class='ocrx_word' id='word_1_222' title='bbox 640 3266 823 3344; x_wconf 86' lang='lat' dir='ltr'>exclamans,</span> <span class='ocrx_word' id='word_1_223' title='bbox 831 3267 926 3348; x_wconf 89' lang='lat' dir='ltr'>ruptis</span> <span class='ocrx_word' id='word_1_224' title='bbox 938 3266 1079 3329; x_wconf 88' lang='lat' dir='ltr'>vitalibus</span> <span class='ocrx_word' id='word_1_225' title='bbox 1093 3267 1195 3329; x_wconf 90' lang='lat' dir='ltr'>cordis</span> <span class='ocrx_word' id='word_1_226' title='bbox 1217 3265 1301 3326; x_wconf 89' lang='lat' dir='ltr'>venis</span> 
     </span>
     <span class='ocr_line' id='line_1_29' title="bbox 278 3352 906 3436; baseline 0.008 -24"><span class='ocrx_word' id='word_1_227' title='bbox 278 3352 413 3436; x_wconf 91' lang='lat' dir='ltr'>spiritum</span> <span class='ocrx_word' id='word_1_228' title='bbox 429 3353 590 3416; x_wconf 86' lang='lat' dir='ltr'>exhalavit.</span> <span class='ocrx_word' id='word_1_229' title='bbox 902 3355 906 3366; x_wconf 89' lang='lat'>&#39;</span> 
     </span>
    </p>
   </div>
   <div class='ocr_carea' id='block_1_5' title="bbox 639 3531 936 3599">
    <p class='ocr_par' dir='ltr' id='par_1_6' title="bbox 639 3531 936 3599">
     <span class='ocr_line' id='line_1_30' title="bbox 639 3531 936 3599; baseline -0.003 -17"><span class='ocrx_word' id='word_1_230' title='bbox 639 3531 936 3599; x_wconf 51' lang='lat' dir='ltr'>Mbffimpffimp</span> 
     </span>
    </p>
   </div>
   <div class='ocr_carea' id='block_1_6' title="bbox 339 3667 1242 3842">
    <p class='ocr_par' dir='ltr' id='par_1_7' title="bbox 339 3667 1242 3842">
     <span class='ocr_line' id='line_1_31' title="bbox 339 3667 1242 3753; baseline 0.004 -25"><span class='ocrx_word' id='word_1_231' title='bbox 339 3667 541 3731; x_wconf 70' lang='lat' dir='ltr'>Prediriarum</span> <span class='ocrx_word' id='word_1_232' title='bbox 555 3693 651 3732; x_wconf 83' lang='lat' dir='ltr'>rerum</span> <span class='ocrx_word' id='word_1_233' title='bbox 666 3683 786 3747; x_wconf 81' lang='lat' dir='ltr'>eventus,</span> <span class='ocrx_word' id='word_1_234' title='bbox 801 3671 835 3731; x_wconf 57' lang='grc' dir='ltr'>ὅ</span> <span class='ocrx_word' id='word_1_235' title='bbox 849 3671 932 3732; x_wconf 83' lang='lat' dir='ltr'>varie</span> <span class='ocrx_word' id='word_1_236' title='bbox 946 3669 1034 3732; x_wconf 82' lang='lat' dir='ltr'>crucis</span> <span class='ocrx_word' id='word_1_237' title='bbox 1048 3671 1242 3753; x_wconf 81' lang='lat' dir='ltr'>apparitiones,</span> 
     </span>
     <span class='ocr_line' id='line_1_32' title="bbox 663 3759 915 3842; baseline -0.012 -20"><span class='ocrx_word' id='word_1_238' title='bbox 663 3762 696 3822; x_wconf 58' lang='grc' dir='ltr'>ΕΞ</span> <span class='ocrx_word' id='word_1_239' title='bbox 707 3759 915 3842; x_wconf 67' lang='lat' dir='ltr'>predicationis.</span> 
     </span>
    </p>
   </div>
   <div class='ocr_carea' id='block_1_7' title="bbox 184 3921 1373 4360">
    <p class='ocr_par' dir='ltr' id='par_1_8' title="bbox 184 3921 1373 4360">
     <span class='ocr_line' id='line_1_33' title="bbox 184 3921 1373 4008; baseline -0.004 -18"><span class='ocrx_word' id='word_1_240' title='bbox 184 3957 261 4006; x_wconf 79' lang='lat' dir='ltr'>p.137</span> <span class='ocrx_word' id='word_1_241' title='bbox 320 3922 371 3986; x_wconf 90' lang='lat' dir='ltr'>De</span> <span class='ocrx_word' id='word_1_242' title='bbox 387 3945 509 3986; x_wconf 89' lang='lat' dir='ltr'>annona</span> <span class='ocrx_word' id='word_1_243' title='bbox 529 3945 610 4004; x_wconf 89' lang='lat' dir='ltr'>vere,</span> <span class='ocrx_word' id='word_1_244' title='bbox 631 3924 714 4008; x_wconf 89' lang='lat' dir='ltr'>quod</span> <span class='ocrx_word' id='word_1_245' title='bbox 733 3925 873 4008; x_wconf 83' lang='lat' dir='ltr'>predixit,</span> <span class='ocrx_word' id='word_1_246' title='bbox 886 3926 996 3987; x_wconf 88' lang='lat' dir='ltr'>evenit.</span> <span class='ocrx_word' id='word_1_247' title='bbox 1012 3921 1373 3990; x_wconf 78' lang='lat' dir='ltr'>Discoloratascru-1246</span> 
     </span>
     <span class='ocr_line' id='line_1_34' title="bbox 275 4010 1301 4096; baseline 0.004 -22"><span class='ocrx_word' id='word_1_248' title='bbox 275 4033 337 4091; x_wconf 81' lang='lat' dir='ltr'>ces,</span> <span class='ocrx_word' id='word_1_249' title='bbox 354 4011 383 4074; x_wconf 77' lang='lat' dir='ltr'>dt</span> <span class='ocrx_word' id='word_1_250' title='bbox 398 4035 435 4074; x_wconf 91' lang='lat' dir='ltr'>ex</span> <span class='ocrx_word' id='word_1_251' title='bbox 451 4013 594 4076; x_wconf 87' lang='lat' dir='ltr'>omnibus</span> <span class='ocrx_word' id='word_1_252' title='bbox 608 4013 713 4074; x_wconf 91' lang='lat' dir='ltr'>mundi</span> <span class='ocrx_word' id='word_1_253' title='bbox 737 4013 881 4096; x_wconf 89' lang='lat' dir='ltr'>partibus,</span> <span class='ocrx_word' id='word_1_254' title='bbox 895 4011 1025 4095; x_wconf 90' lang='lat' dir='ltr'>quedam</span> <span class='ocrx_word' id='word_1_255' title='bbox 1042 4010 1217 4076; x_wconf 73' lang='lat' dir='ltr'>smctiffima</span> <span class='ocrx_word' id='word_1_256' title='bbox 1238 4015 1301 4078; x_wconf 89' lang='lat' dir='ltr'>Re·</span> 
     </span>
     <span class='ocr_line' id='line_1_35' title="bbox 276 4099 1301 4183; baseline 0.005 -23"><span class='ocrx_word' id='word_1_257' title='bbox 276 4099 367 4178; x_wconf 86' lang='lat' dir='ltr'>clusa,</span> <span class='ocrx_word' id='word_1_258' title='bbox 381 4116 415 4162; x_wconf 88' lang='lat' dir='ltr'>ut</span> <span class='ocrx_word' id='word_1_259' title='bbox 434 4101 494 4183; x_wconf 91' lang='lat' dir='ltr'>ipsa</span> <span class='ocrx_word' id='word_1_260' title='bbox 517 4101 591 4162; x_wconf 91' lang='lat' dir='ltr'>mibi</span> <span class='ocrx_word' id='word_1_261' title='bbox 618 4101 730 4180; x_wconf 84' lang='lat' dir='ltr'>retulit,</span> <span class='ocrx_word' id='word_1_262' title='bbox 751 4103 781 4162; x_wconf 92' lang='lat' dir='ltr'>in</span> <span class='ocrx_word' id='word_1_263' title='bbox 803 4099 966 4163; x_wconf 84' lang='lat' dir='ltr'>Rrabantie</span> <span class='ocrx_word' id='word_1_264' title='bbox 982 4100 1117 4183; x_wconf 89' lang='lat' dir='ltr'>partibus</span> <span class='ocrx_word' id='word_1_265' title='bbox 1131 4102 1216 4180; x_wconf 89' lang='lat' dir='ltr'>vidit,</span> <span class='ocrx_word' id='word_1_266' title='bbox 1230 4124 1301 4165; x_wconf 93' lang='lat' dir='ltr'>cum</span> 
     </span>
     <span class='ocr_line' id='line_1_36' title="bbox 282 4188 1304 4273; baseline 0.003 -24"><span class='ocrx_word' id='word_1_267' title='bbox 282 4188 412 4250; x_wconf 89' lang='lat' dir='ltr'>secunda</span> <span class='ocrx_word' id='word_1_268' title='bbox 433 4190 587 4272; x_wconf 86' lang='lat' dir='ltr'>expeditio</span> <span class='ocrx_word' id='word_1_269' title='bbox 617 4189 652 4250; x_wconf 89' lang='lat' dir='ltr'>ad</span> <span class='ocrx_word' id='word_1_270' title='bbox 677 4190 863 4272; x_wconf 87' lang='lat' dir='ltr'>purgandam</span> <span class='ocrx_word' id='word_1_271' title='bbox 884 4188 1093 4272; x_wconf 86' lang='lat' dir='ltr'>Albigensrum</span> <span class='ocrx_word' id='word_1_272' title='bbox 1114 4205 1225 4252; x_wconf 92' lang='lat' dir='ltr'>terram</span> <span class='ocrx_word' id='word_1_273' title='bbox 1250 4211 1304 4273; x_wconf 93' lang='lat' dir='ltr'>per</span> 
     </span>
     <span class='ocr_line' id='line_1_37' title="bbox 282 4275 1302 4360; baseline 0.003 -23"><span class='ocrx_word' id='word_1_274' title='bbox 282 4275 397 4358; x_wconf 88' lang='lat' dir='ltr'>legatos</span> <span class='ocrx_word' id='word_1_275' title='bbox 409 4277 493 4339; x_wconf 88' lang='lat' dir='ltr'>curie</span> <span class='ocrx_word' id='word_1_276' title='bbox 505 4277 646 4339; x_wconf 88' lang='lat' dir='ltr'>Romane</span> <span class='ocrx_word' id='word_1_277' title='bbox 660 4277 744 4340; x_wconf 85' lang='lat' dir='ltr'>missa</span> <span class='ocrx_word' id='word_1_278' title='bbox 759 4278 823 4340; x_wconf 87' lang='lat' dir='ltr'>suit.</span> <span class='ocrx_word' id='word_1_279' title='bbox 834 4278 890 4340; x_wconf 89' lang='lat' dir='ltr'>Sed</span> <span class='ocrx_word' id='word_1_280' title='bbox 900 4275 1010 4339; x_wconf 86' lang='lat' dir='ltr'>&amp;crux</span> <span class='ocrx_word' id='word_1_281' title='bbox 1026 4276 1156 4339; x_wconf 91' lang='lat' dir='ltr'>amultis</span> <span class='ocrx_word' id='word_1_282' title='bbox 1171 4279 1302 4360; x_wconf 82' lang='lat' dir='ltr'>populis,</span> 
     </span>
    </p>
   </div>
   <div class='ocr_carea' id='block_1_8' title="bbox 417 4389 1177 4440">
    <p class='ocr_par' dir='ltr' id='par_1_9' title="bbox 417 4389 1177 4440">
     <span class='ocr_line' id='line_1_38' title="bbox 417 4389 1177 4440; baseline 0.005 -6"><span class='ocrx_word' id='word_1_283' title='bbox 417 4397 437 4434; x_wconf 82' lang='lat' dir='ltr'>r</span> <span class='ocrx_word' id='word_1_284' title='bbox 1147 4389 1177 4440; x_wconf 78' lang='lat'>1⁶</span> 
     </span>
    </p>
   </div>
   <div class='ocr_carea' id='block_1_9' title="bbox 0 0 1888 5628">
    <p class='ocr_par' dir='ltr' id='par_1_10' title="bbox 0 0 1888 5628">
     <span class='ocr_line' id='line_1_39' title="bbox 0 0 1888 5628; baseline 0 0"><span class='ocrx_word' id='word_1_285' title='bbox 0 0 1888 5628; x_wconf 95' lang='lat' dir='ltr'> </span> 
     </span>
    </p>
   </div>
  </div>
 </body>
</html>
