3726 5628
445 551 520 639 77.
552 518 716 612 ibomas
740 519 1087 648 Conriproteiifis.
1202 537 1279 642 1'25

261 778 346 842 fieret
359 779 390 842 in
413 795 525 844 terrani
546 781 687 860 sanetam,
709 780 858 865 planeque
885 803 939 863 per
958 782 1075 843 viarum
1098 781 1284 845 demonstra-

262 869 378 930 tionem
400 869 518 932 cuneiis
539 869 718 949 ostenderet,
744 873 826 954 quod
854 891 1047 954 nequaquam
1073 869 1213 949 mendax,
1238 871 1285 933 sed

262 975 351 1018 verus
367 954 428 1020 Dei
443 960 583 1037 nuncius,
597 960 648 1042 qui
664 981 735 1020 eum
750 960 884 1038 duxerat,
898 956 1048 1022 extitisset.
1064 957 1125 1020 Hic
1148 959 1193 1020 vir
1214 961 1286 1021 bea-

262 1043 396 1123 tiffimus,
412 1045 570 1129 postquam
584 1047 717 1110 reversus
732 1047 783 1125 est,
796 1063 829 1110 ut
844 1049 929 1126 vidit,
948 1049 1020 1130 quia
1040 1048 1068 1108 in
1095 1047 1212 1108 bonore
1232 1048 1287 1108 ha-

263 1132 327 1194 beri
352 1135 434 1217 cepit
458 1136 537 1218 apud
560 1136 776 1216 convicaneos,
799 1135 889 1198 dulce
923 1134 1019 1197 solum
1049 1135 1157 1198 natalis
1193 1136 1287 1218 patrie

264 1207 435 1323 deriliquit,
449 1222 478 1285 δι
492 1223 585 1307 usque
601 1225 631 1287 in
645 1221 738 1286 finem
758 1227 819 1288 vite
843 1227 873 1287 in
898 1225 1003 1287 alienis
1028 1225 1163 1308 partibus
1188 1223 1288 1287 sandte
1321 1290 1324 1299 ,

263 1326 349 1374 vixit.

634 1491 692 1545 Lib.
708 1493 742 1559 11,
755 1510 778 1545 c.
793 1511 837 1558 43,
851 1507 879 1544 n0
894 1512 919 1560 ς.

318 1626 482 1710 Exemplum
491 1629 582 1711 primi
593 1629 666 1692 modi
677 1630 706 1691 in
720 1627 849 1692 Henrico
861 1629 894 1690 de
909 1626 1032 1706 Colonia,
1045 1628 1240 1711 quisumrum
1254 1704 1258 1712 1

536 1719 663 1800 cognovit
675 1716 796 1780 ordinem
808 1717 1026 1799 predicatorum.

174 1932 196 1978 1³·
207 1927 253 1973 ⁴¹7
307 1889 418 1973 Spiritu
434 1889 587 1953 revelante
602 1893 733 1973 prefatus
747 1892 836 1953 frater
856 1891 1009 1955 Henricus
1023 1891 1060 1954 de
1085 1891 1229 1971 Colonia,
1241 1912 1293 1952 or-

268 1979 346 2040 dinis
368 1975 604 2058 Predicatorum,
627 1995 791 2063 antequam
817 1979 876 2061 ipse
904 1979 979 2042 ordo
1003 1981 1162 2043 inchoatus
1187 1977 1294 2058 fuisset,

269 2064 343 2130 sicut
358 2067 522 2150 peripsum
537 2066 710 2147 didicimus,
723 2068 857 2130 futurum
868 2089 939 2130 eum
954 2069 1161 2152 precognovit.
1177 2068 1297 2130 Habuit

270 2170 411 2237 patruum
424 2153 565 2234 militem,
579 2155 715 2218 sedulum
731 2155 859 2218 incultu
877 2155 939 2218 Dei
955 2158 985 2218 in
1001 2156 1135 2239 partibus
1149 2155 1294 2218 Theuto·

269 2245 329 2321 nie,
343 2244 437 2326 opido
459 2247 572 2306 montis
592 2243 712 2308 Martis.
739 2244 799 2307 Hic
821 2244 938 2306 dietum
959 2243 1130 2306 Henricum
1153 2245 1294 2306 iuvenem

270 2332 405 2414 sagacem
437 2332 552 2411 videns,
577 2349 656 2394 etate
671 2331 820 2410 adultum,
834 2333 1011 2415 optimeque
1038 2334 1068 2394 in
1089 2331 1294 2413 grammaticis

270 2419 450 2498 institutum,
464 2420 541 2482 misit
555 2418 691 2499 Parisios,
706 2437 739 2482 ut
754 2421 944 2483 diaiedticam
959 2423 1077 2484 &artes
1092 2436 1206 2483 ceteras
1221 2417 1296 2480 affe-

270 2523 422 2592 queretur.
439 2507 538 2595 Quod
555 2527 586 2571 ut
600 2509 714 2572 sedium
729 2509 781 2588 est,
797 2526 920 2591 patruus
945 2511 1009 2572 eius
1024 2509 1186 2572 defunsius
1200 2509 1252 2586 est,
1267 2507 1296 2571 δι

272 2596 470 2660 intermissum
485 2597 527 2660 est
540 2600 605 2660 eius
619 2598 751 2659 studium
766 2599 852 2660 annis
868 2599 972 2676 tribus,
986 2597 1096 2680 quibus
1112 2598 1141 2658 in
1157 2595 1295 2678 predibio

272 2687 365 2769 opido
384 2685 499 2748 scholas
514 2685 600 2748 rexit.
623 2684 664 2748 Et
677 2686 724 2748 his
739 2686 863 2769 quidem
879 2684 975 2768 lapsis,
986 2686 1161 2767 apparuitei
1173 2699 1296 2766 patruus

271 2775 350 2853 suus,
362 2774 479 2836 dicens:
498 2799 509 2830 ι
528 2773 634 2836 Sumes
656 2775 687 2836 in
703 2775 873 2836 remedium
888 2796 976 2857 pene,
1000 2794 1060 2858 qua
1075 2775 1104 2835 in
1121 2773 1296 2855 purgatorio

272 2864 402 2941 crucior,
426 2861 737 2945 Hierosolymitanam
765 2883 897 2941 crucem,
916 2884 975 2946 que
1001 2883 1054 2946 per
1085 2861 1297 2924 Theutoniam

274 2951 456 3036 predicatur,
470 2952 499 3012 δι
514 2951 714 3014 transfretabis
730 2973 736 3013 :
753 2951 782 3013 δι
797 2953 904 3014 eradio
926 2952 1040 3014 ibidem
1065 2968 1213 3034 tempore,
1226 2971 1298 3012 cum

274 3040 411 3118 redieris,
434 3061 541 3123 perges
558 3039 693 3119 Parisios,
712 3039 905 3123 inveniesque
933 3061 1047 3101 novum
1072 3037 1297 3102 Predicatorum

274 3129 425 3208 ordinem,
439 3151 531 3212 quein
547 3131 681 3193 intrabis.
708 3128 921 3211 Paupertatem
942 3150 1050 3191 eorum
1072 3150 1134 3189 non
1159 3127 1298 3205 verearis,

275 3215 380 3280 &non
396 3217 543 3299 despicias
559 3219 742 3301 paucitatem
758 3239 765 3280 :
781 3219 927 3300 quoniam
943 3218 973 3278 in
988 3215 1113 3279 salutem
1129 3215 1297 3278 multorum

275 3305 439 3368 seliciffime
453 3305 666 3369 coalescent&
680 3305 901 3368 convalescent.
923 3331 934 3360 i
958 3306 1007 3367 Ad
1023 3305 1080 3367 hec
1095 3304 1186 3366 verba
1200 3303 1298 3368 dietus

275 3393 402 3458 clericus
424 3393 617 3477 stupesadius,
631 3394 691 3458 fine
716 3394 777 3456 ulla
801 3393 975 3457 turbulenta
995 3393 1200 3472 constatione,
1214 3394 1297 3476 quod

275 3481 368 3546 iustus
383 3500 457 3562 erat,
478 3485 659 3567 aggreditur.
676 3482 717 3546 Et
731 3482 808 3546 faeta
823 3483 1075 3564 peregrinatione,
1097 3481 1147 3543 ubi
1166 3479 1299 3543 rediit&

276 3571 359 3634 venit
375 3568 511 3650 Parisios,
525 3573 641 3634 invenit
656 3573 794 3635 ordinem
807 3569 1033 3633 Predicatorum
1047 3570 1169 3631 noviter
1183 3570 1214 3630 in
1230 3591 1299 3651 par-

276 3661 357 3723 tibus
368 3658 578 3744 Albigenstum
594 3662 781 3738 inchoatum,
795 3659 983 3742 domumque
1000 3659 1059 3721 iani
1073 3659 1226 3740 inceptam
1244 3656 1301 3720 Pa·

277 3745 360 3826 risiis,
381 3747 410 3810 &
426 3746 486 3810 sine
500 3745 677 3810 hesitatione
693 3747 804 3830 aliqua,
818 3767 913 3830 parvo
928 3745 995 3829 post
1009 3762 1146 3828 tempore
1160 3746 1301 3808 ordinem

277 3837 319 3900 est
334 3838 489 3922 ingressus.
509 3839 572 3901 Ubi
592 3860 663 3902 cum
678 3841 764 3900 annis
788 3836 924 3920 pluribus
944 3837 1133 3900 devotissime
1158 3831 1302 3916 profecis-

278 3927 330 4007 set,
345 3931 451 3993 iterato
466 3927 510 3990 illi
526 3929 664 4011 apparuit
679 3943 814 4010 patruus,
836 3928 954 3989 dicens:
971 3954 983 3982 ι
1003 3927 1033 3988 Α
1049 3946 1136 4008 pena,
1158 3946 1218 4008 qua
1231 3943 1303 3984 cru-

185 4060 206 4105 p.
217 4043 263 4102 4¹8
278 4020 390 4100 ciebat,
406 4034 434 4082 te
446 4019 579 4097 iuvante,
593 4017 707 4080 solutus
718 4016 791 4079 sum.
801 4015 856 4078 Tu
870 4034 970 4077 autern
983 4036 1021 4076 ne
1033 4013 1183 4076 cundberis
1196 4013 1303 4074 iterum

279 4106 402 4172 transire
421 4129 517 4187 mare,
537 4106 557 4168 si
581 4123 610 4169 te
629 4107 759 4169 seniores
782 4105 824 4167 tui
837 4103 1099 4168 transmittendum
1115 4101 1270 4185 elegerint.
1290 4128 1302 4158 i

279 4195 321 4262 Et
334 4200 394 4261 hoc
409 4199 533 4282 quidem
548 4217 619 4258 cum
634 4194 732 4257 didius
748 4193 836 4255 frater
850 4192 1000 4256 Henricus
1015 4191 1147 4254 celatum
1170 4190 1305 4266 haberet,

279 4287 451 4370 amagistro
465 4283 626 4348 ordinis&
646 4281 856 4346 diffinitoribus
871 4302 906 4344 ac
930 4279 1165 4364 provincialibus
1181 4280 1305 4340 fratrum
