3726 5628
545 545 634 625 204
700 511 943 634 Testimonio
970 511 1012 600 iri
1038 507 1446 637 Germanioscripro.

472 799 530 834 1220
542 770 646 850 nostrr,
671 769 803 870 legatus
814 769 938 832 nuntios
967 769 1003 830 ad
1033 767 1185 832 Brennum
1206 768 1309 846 mittit,
1333 768 1385 850 qui
1410 767 1569 830 hominem

540 873 718 936 reuocent,
711 879 746 920 ac
758 855 921 938 imperium
935 856 1084 920 exercitus
1099 853 1146 918 illi
1158 857 1305 934 deserant,
1320 878 1382 958 quo
1397 853 1467 934 sine,
1482 855 1568 922 miles

540 969 603 1009 nori
622 946 718 1009 latum
733 948 843 1028 pedem
859 945 1112 1028 progressurums
1107 967 1124 1007 e
1140 966 1193 1026 per
1209 943 1330 1008 sandla'
1323 959 1481 1008 iuraverat
1501 945 1569 1008 Rex

540 1033 681 1124 lomnes,
701 1035 803 1097 audita
817 1033 922 1097 militis
941 1034 1118 1136 pertinacia,
1133 1031 1200 1096 visis
1216 1033 1346 1115 publicis
1362 1033 1493 1113 nunciis,
1501 1033 1569 1134 qui

541 1117 684 1187 c'onsensu
698 1125 820 1188 militari
832 1125 908 1185 miffi
919 1125 1048 1202 fuerant,
1062 1124 1156 1186 etiarn
1171 1121 1191 1184 ιι
1204 1145 1221 1186 a
1234 1121 1356 1206 Pelagio
1368 1137 1458 1184 antea
1472 1123 1569 1204 sepius

541 1230 712 1292 revocatus,
732 1235 827 1290 novas
841 1213 957 1294 semper
970 1234 1033 1274 riori
1048 1212 1190 1286 veniendi
1206 1231 1306 1273 moras
1320 1209 1510 1300 causasque
1493 1233 1569 1296 cori·

522 1300 689 1384 texuisset,
713 1287 811 1365 vislus
833 1297 1047 1366 Columnenlis
1068 1301 1169 1400 amici,
1194 1321 1229 1361 ae
1252 1299 1391 1400 fatigatus
1406 1321 1568 1381 procerum

542 1384 692 1470 precibus,
715 1392 838 1452 tandem
859 1391 970 1452 ducem
992 1387 1053 1451 Dei
1079 1389 1210 1451 viventis
1234 1387 1392 1465 exercitui,
1417 1386 1445 1450 se
1470 1388 1570 1489 prebi-

470 1499 526 1535 mr
543 1493 645 1542 turum
666 1477 828 1560 respondit.
854 1479 1002 1541 Αιιιιιιι
995 1479 1087 1561 igitur
1106 1476 1214 1556 milite,
1235 1491 1411 1539 commeatu
1425 1475 1455 1538 ιι
1469 1478 1569 1554 armis,

542 1567 702 1649 postquam
725 1567 880 1630 decimum
899 1566 1032 1629 iriensem
1046 1566 1193 1644 abfuerat,
1219 1564 1397 1648 Damiatam
1423 1566 1570 1656 pervenit,

541 1653 811 1719 acclamationibus
840 1677 875 1718 ac
908 1655 1047 1716 omniurn
1082 1653 1351 1754 imprecationibus
1355 1629 1580 1716 sistrum·
1616 1699 1619 1708 -

541 1758 658 1824 ceptus.
679 1742 776 1806 lain
770 1759 993 1826 imperatorem,
1018 1743 1079 1804 iani
1101 1743 1255 1842 ducem,
1249 1761 1309 1802 iarn
1324 1740 1569 1804 commilitonem

541 1829 569 1892 se
584 1831 693 1894 habere
716 1832 867 1894 exclamat
889 1830 1015 1910 miles,
1008 1852 1069 1893 iam
1088 1829 1141 1913 qui
1163 1829 1260 1908 sactis,
1284 1851 1335 1912 qui
1329 1828 1433 1891 bello
1449 1828 1570 1911 present,

541 1919 593 2000 qui
610 1920 667 1982 rite
688 1923 793 1983 omnia
817 1940 921 1983 curare
936 1919 1045 2002 poffint
1069 1915 1177 1996 adesse,
1201 1939 1273 1998 curii
1279 1917 1423 2000 legatus
1433 1915 1570 1998 consilio,

542 2005 662 2070 Brenna
676 2011 768 2072 armis
781 2008 1003 2090 rempublicam
1019 2007 1220 2084 tutandam,u
1328 2027 1360 2068 es
1371 1993 1568 2094 suscepissent

542 2091 604 2155 De‘
608 2093 724 2156 llrrrima
737 2095 790 2175 rei,
815 2032 975 2177 popslquam
990 2093 1057 2156 satis
1074 2027 1374 2175 humanitdfflue
1368 2081 1569 2175 amplexibus

541 2181 656 2260 datum,
670 2183 882 2284 consultatum,
897 2183 945 2245 sed
961 2181 1048 2244 variis
1063 2180 1226 2244 sententiis.
1254 2179 1389 2263 Legatus
1403 2181 1483 2243 ferro
1497 2203 1569 2244 cum

541 2270 625 2332 hoste
640 2273 776 2353 protinus
792 2273 1019 2335 decernendum
1033 2267 1102 2349 esse,
1116 2269 1326 2333 consenescere
1341 2269 1482 2348 militem,
1496 2269 1569 2334 alias

540 2359 725 2439 cunstando,
749 2361 901 2424 ocium&
922 2358 1065 2422 desidiam
1091 2357 1271 2422 invalescere
1292 2357 1369 2420 hosti
1391 2380 1477 2421 mora
1491 2359 1569 2424 vires

540 2447 719 2528 accrescere,
733 2450 877 2512 virtutem
891 2449 992 2530 augeri
1008 2447 1037 2510 ιι
1052 2446 1206 2525 fiduciam,
1224 2444 1332 2508 nostris
1347 2446 1464 2508 tedium
1478 2464 1569 2530 atque
1583 2471 1667 2516 oiim.
1679 2469 1780 2532 &⁴01¹st-

541 2551 765 2618 contemptum,
786 2537 868 2619 spem
890 2537 1038 2598 exinaniri
1059 2555 1193 2598 omnem.
1215 2545 1378 2611 vitiorium,
1398 2547 1530 2598 autetiam
1544 2546 1569 2602 in
1593 2549 1616 2593 r·
1630 2533 1767 2593 ¹427·¹4²8

540 2625 623 2678 cestrie
642 2629 739 2694 abdito,
763 2629 892 2698 Chayrum
914 2628 1087 2692 obsidendam,
1108 2644 1159 2697 que
1178 2627 1274 2696 imperii
1289 2638 1376 2695 caput,
1395 2643 1447 2696 quo
1469 2627 1570 2695 succiso,

541 2707 673 2775 Egyptum
695 2725 798 2760 ornnem
823 2707 1047 2760 intermorituram.
1078 2711 1180 2760 Summe
1204 2705 1308 2772 consilii,
1336 2717 1379 2758 aut
1403 2707 1571 2774 Meledinunt,

541 2785 622 2837 exutis
653 2787 746 2852 castrii,
771 2800 852 2841 morte
878 2787 917 2840 vel
943 2787 1015 2854 suge,
1048 2789 1154 2856 Egypto
1179 2785 1338 2849 eiiciendum,
1368 2797 1411 2837 aut
1440 2786 1570 2858 Chayrum

541 2865 640 2934 tyranni
653 2879 753 2935 recepta
768 2867 874 2932 cultum,
890 2867 1060 2920 evertendam.
1076 2869 1176 2919 Brenna
1189 2883 1232 2918 rex
1247 2877 1371 2934 expertus,
1385 2883 1462 2934 quam
1476 2885 1571 2936 magno
1666 2921 1669 2925 ,

541 2943 651 3013 periculo
665 2945 793 3016 superioris
807 2947 901 3017 Egypti
916 2965 958 2999 rex
972 2957 1138 3008 tentarentur,
1158 2945 1190 2996 de
1206 2944 1355 3014 Hierolyma
1367 2947 1439 3010 urbe,
1456 2946 1489 2998 de
1502 2945 1570 3000 sacra

541 3023 668 3092 provincia
689 3037 815 3078 certamen
839 3024 896 3091 esse,
920 3043 971 3077 ιιοιι
992 3026 1025 3078 de
1040 3024 1167 3094 Memphi,
1190 3043 1239 3076 non
1253 3025 1285 3076 de
1299 3025 1444 3096 Babylone,
1467 3042 1518 3078 ιιοιι
1539 3025 1571 3078 de

542 3104 640 3157 Thebis
652 3105 762 3171 dicebat,
775 3123 837 3175 quas
851 3106 926 3158 etiarn
941 3120 1098 3176 expugnatas
1111 3106 1136 3157 in
1153 3105 1203 3156 side
1216 3105 1321 3157 retinere
1335 3122 1410 3157 nemo
1422 3105 1502 3174 possit.
1523 3106 1569 3158 Ad

543 3184 656 3255 Syriacae
683 3185 787 3254 seipsum
810 3197 952 3250 evocatum,
982 3186 1056 3239 malle
1084 3186 1108 3238 se
1129 3184 1361 3256 Hierosolymemni
1383 3201 1470 3254 regem
1492 3203 1569 3255 quani

542 3266 676 3335 Egyptum
699 3265 823 3318 sultanum
846 3266 905 3320 dici.
930 3269 981 3319 Res
1007 3266 1123 3338 syriacas,
1146 3267 1179 3316 ab
1204 3265 1302 3334 Egypti
1323 3265 1409 3330 latere,
1432 3265 1488 3318 satis
1502 3279 1570 3318 tutas

542 3343 597 3408 esse,
611 3344 627 3396 si
640 3344 723 3398 valido
735 3346 841 3414 prefidio
854 3347 951 3399 inunita
965 3346 1095 3410 Damiata,
1114 3345 1208 3397 hostem
1224 3344 1347 3410 distineat,
1360 3344 1442 3396 donec
1454 3345 1569 3398 restitutis

542 3424 718 3477 &instauratis
731 3426 801 3495 Syrie
815 3429 898 3494 rebus,
919 3427 982 3479 vires
994 3427 1138 3479 accrescant
1154 3441 1242 3494 regno,
1254 3441 1306 3493 quo
1320 3424 1353 3476 ad
1368 3425 1569 3478 occidentalium

542 3521 580 3556 res
605 3503 743 3573 pacificate,
769 3505 828 3558 totis
852 3506 945 3558 viribus
972 3507 996 3558 in
1018 3505 1148 3560 Orientem
1172 3504 1235 3557 trabi
1262 3504 1361 3572 possint.
1390 3501 1569 3586 LudurflQt
1607 3573 1613 3586 ,

482 3667 487 3684 .
542 3590 677 3676 Bararus
692 3590 729 3653 de
743 3591 826 3653 Tarii
843 3593 926 3656 urbis
946 3592 1040 3655 ruinis
1055 3590 1266 3670 restaurandis,
1288 3612 1322 3654 ac
1338 3590 1517 3653 deducenda
1531 3613 1568 3653 eo

484 3684 491 3702 ‘
542 3677 603 3740 loci
625 3675 757 3759 colonia,
781 3679 940 3743 consilium
964 3680 1064 3758 dabat,
1088 3701 1149 3764 qua
1170 3679 1369 3762 Memphitici
1394 3701 1431 3741 eo
1451 3680 1569 3744 facilius

409 3832 413 3843 ,
543 3769 789 3849 reprimerentur,
808 3789 879 3832 cum
894 3783 1018 3852 propter
1033 3767 1093 3830 loci
1110 3767 1380 3851 propinquitatem,
1396 3785 1462 3829 tum
1478 3788 1569 3851 prop·

393 3899 398 3930 :
443 3883 445 3890 >
479 3911 500 3940 ᾖ
543 3871 588 3918 ter
612 3857 840 3920 munitissimum
863 3873 969 3920 nature
994 3854 1092 3919 situm.
1118 3856 1188 3920 Nec
1213 3872 1332 3920 tantum
1355 3855 1506 3940 Egyptios
1530 3859 1568 3921 ab

543 3945 699 4006 obsidione
720 3944 864 4009 Damiate
885 3947 977 4008 averti
993 3942 1085 4027 posse,
1106 3945 1154 4009 sed
1179 3947 1210 4010 iii
1233 3947 1336 4010 officio
1359 3947 1475 4012 Arabes
1494 3968 1569 4008 cori·

357 4065 383 4087 ι’
456 4093 463 4108 ,
544 4034 688 4113 tineri,in
703 4033 832 4116 proclivi
848 4035 921 4096 sore.
944 4033 1209 4122 Quandoquidem
1228 4036 1269 4098 ab
1292 4036 1423 4101 Oriente
1443 4033 1568 4117 paludes

544 4123 698 4186 Arabibus
721 4145 759 4185 ex
781 4125 934 4186 montanis
955 4124 1204 4188 descendentibus
1229 4126 1391 4203 obstarent,
1415 4125 1452 4187 ab
1469 4124 1569 4189 Occi·

543 4213 635 4274 dente
649 4210 716 4274 Nili
740 4211 853 4275 fluenta
877 4211 1027 4296 Egyptios
1051 4229 1197 4288 arcerent,
1222 4234 1239 4274 a
1263 4212 1388 4275 meridie
1413 4212 1568 4276 Traianus

544 4301 651 4379 amnis,
666 4300 749 4362 rubri
764 4301 855 4364 maris
869 4297 988 4364 accolas
1002 4299 1155 4364 distineret
1168 4300 1206 4362 ad
1217 4299 1462 4382 Septentrionem
1476 4316 1568 4384 atque
