3716 5628
462 517 556 642 169.
594 517 823 609 Clrronicon
843 515 1138 610 Placentinum.
1223 548 1304 640 243

313 681 1282 692 *mm—...-

286 777 394 830 bitanter
404 788 531 852 putamur,
541 776 648 847 qualiter
657 794 720 846 gene
727 777 890 830 transmarina
898 793 944 848 pro
953 777 1093 830 animarum
1102 795 1188 832 eorum
1198 779 1313 850 redemp-
1329 783 1386 830 1218

285 857 354 910 tione
367 874 411 926 pro
424 857 507 909 Terra
518 857 607 910 Sancta
618 856 777 909 ultramarina
790 875 805 908 a
819 857 933 909 manibus
947 858 1036 911 Sansie
1051 859 1140 912 Crucis
1152 857 1311 912 inimicorum

284 937 389 990 liberare
410 936 544 989 defendere
563 953 593 988 ac
605 953 681 988 manu
694 949 788 1001 tenere,
810 937 894 990 multis
915 937 1029 1006 periculis
1042 937 1163 1006 variisque
1184 938 1312 992 laboribus

285 1027 340 1078 sunt
354 1024 443 1078 altritti
457 1024 643 1094 plurimumque
656 1023 767 1093 farigari.
784 1014 928 1097 Cumque
941 1015 970 1076 in
984 1014 1130 1097 presentia
1140 1015 1313 1080 horumrex

285 1100 553 1183 lerosolimitanus,
567 1103 613 1164 vir
624 1101 772 1185 egregius,
787 1123 897 1184 magne
906 1101 976 1165 fidei
989 1102 1228 1183 &discretionin
1243 1125 1314 1188 pro-

285 1193 373 1255 vidus
397 1191 427 1252 dc
451 1190 604 1270 discretus,
629 1207 719 1274 atque
745 1191 827 1253 urbis
851 1189 992 1254 Romane
1017 1191 1177 1255 cardinalis
1202 1195 1314 1256 eximie

284 1279 451 1344 nobilitatis
463 1280 492 1343 ἃ
503 1280 671 1361 prudentie,
686 1300 757 1341 cum
768 1279 834 1342 aliis
844 1279 916 1343 viris
930 1280 1084 1342 nobilibus
1096 1280 1126 1344 δι
1138 1282 1313 1363 potentibus

284 1384 375 1450 atque
386 1390 457 1431 cum
470 1370 553 1431 omni
566 1369 701 1432 exercitu
713 1367 956 1448 christianorum,
970 1371 1022 1452 qui
1035 1371 1065 1431 in
1077 1368 1191 1432 auxilio
1203 1367 1312 1432 Sandle

284 1455 382 1538 Terre
398 1456 650 1540 proficiscebatur,
672 1459 701 1519 in
717 1455 874 1520 obsidione
890 1456 1034 1520 Damiate
1057 1479 1109 1540 per
1125 1457 1201 1521 duos
1217 1479 1313 1522 annos

284 1543 314 1607 δι
325 1561 455 1627 quatuor
467 1545 582 1609 menses
593 1544 746 1624 stetissent,
759 1545 873 1608 auxilio
886 1543 1005 1608 Domni
1018 1546 1109 1608 nostri
1121 1543 1186 1608 Iesu
1199 1546 1311 1609 Christi

285 1633 315 1696 in
327 1633 485 1697 millesimo
500 1633 705 1696 ducentefimo
718 1633 838 1696 decimo
854 1655 938 1695 nono
953 1634 990 1695 de
1002 1631 1102 1695 mense
1118 1633 1311 1695 Novembrio
1327 1663 1386 1710 ηις

284 1722 315 1784 in
337 1721 410 1784 sesto
424 1723 502 1785 beati
520 1721 675 1785 Leonardi
697 1721 811 1785 diuam
825 1721 980 1784 civitatem
994 1737 1152 1804 ceperunt,
1174 1720 1205 1784 de
1220 1720 1312 1803 ipsam
1324 1725 1409 1786 ΝΜ

283 1809 314 1873 &
327 1825 451 1872 centum
464 1810 606 1872 homines
621 1809 673 1891 qui
688 1810 718 1871 in
734 1829 770 1872 ea
783 1811 909 1872 aderant
921 1809 1055 1887 civitate,
1075 1830 1147 1871 cum
1167 1809 1311 1872 omnibus

284 1897 403 1961 diviciis
417 1898 447 1962 δι
461 1899 551 1961 rebus
565 1898 743 1960 habuerunt.

474 2141 547 2212 ¹70·
575 2118 767 2189 chanous
785 2135 835 2187 on
859 2118 889 2188 S.
912 2119 1125 2208 Germano,

618 2289 788 2357 Clrronr'con
808 2298 965 2366 (-1243l·

557 2460 651 2531 [Perta
666 2462 731 2516 Mon.
746 2464 873 2526 German,
887 2463 936 2524 SS,
950 2461 1034 2531 xlm]

787 2583 806 2624 ’l‘

189 2756 211 2802 p.
224 2753 268 2802 339
322 2713 395 2778 Hoc
418 2735 499 2776 anno
524 2711 637 2776 navalis
659 2711 820 2774 Frisonum
840 2714 990 2775 exercitus
1010 2711 1154 2778 Gaietam
1175 2705 1311 2793 veniens,
1327 2732 1385 2778 1218

282 2802 528 2884 Hierosolymam
541 2799 624 2864 vadit
638 2801 670 2864 in
685 2797 846 2863 subsidium
859 2801 962 2863 Terre
977 2799 1093 2863 Sandie.
1118 2797 1310 2864 Ianuensrum

282 2911 417 2974 quoque,
432 2889 598 2966 venetum,
620 2886 806 2967 Pisanorum,
827 2887 1002 2952 &aliorum
1015 2888 1054 2950 de
1069 2886 1189 2952 diversis
1205 2891 1311 2953 mundi

284 2979 417 3062 partibus
437 2973 621 3060 signatorum
642 2976 722 3057 apud
742 2978 851 3039 Accon
874 2977 1039 3039 multitudo
1061 2977 1215 3039 convenit„
1242 2976 1309 3063 Qui

281 3087 353 3128 cum
376 3087 457 3150 rege,
482 3065 651 3149 patriarcha
672 3064 962 3148 Hierosolymitano,
988 3065 1136 3148 magistris
1159 3067 1309 3128 domuum

282 3153 457 3237 Hospitalis,
479 3152 637 3237 &templi
664 3151 823 3216 consilium
849 3154 998 3232 ineuntes,
1022 3172 1094 3215 cum
1121 3153 1309 3216 Hierusalem

281 3259 405 3325 propter
431 3263 576 3325 aquarum
605 3242 758 3304 desertum
787 3244 953 3304 commode
981 3242 1063 3304 adire
1090 3263 1153 3305 non
1183 3240 1309 3324 possent,

281 3329 381 3393 versus
396 3328 573 3395 Damiatam
584 3329 818 3393 Sarracenorum
833 3331 988 3392 civitatem
1003 3329 1150 3408 nobilem,
1164 3329 1194 3392 δι
1207 3331 1309 3392 muni·

281 3434 343 3482 tarn
357 3418 474 3482 suarum
489 3418 613 3481 navium
631 3417 750 3481 carbasa
767 3418 952 3497 direxerunt,
976 3440 1038 3501 quo
1054 3417 1194 3500 prospere
1209 3417 1308 3500 appli-

280 3524 394 3586 cantes,
415 3529 453 3568 eo
474 3507 604 3586 favente,
625 3509 677 3590 qui
693 3507 779 3585 mari,
800 3506 942 3570 &ventis
957 3509 1097 3589 imperat,
1111 3527 1182 3569 cum
1197 3505 1307 3570 fluvius

282 3595 398 3680 ingens,
418 3595 552 3659 &turris
575 3595 605 3658 in
621 3617 658 3658 eo
674 3595 806 3677 precelsa
819 3595 993 3658 constructa
1008 3591 1164 3658 tranfitum
1179 3594 1215 3655 ad
1231 3595 1307 3657 civi-

281 3699 375 3746 tatem
399 3687 521 3766 penitus
546 3684 754 3766 prohiberent,
778 3684 877 3746 coadii
898 3683 964 3747 sunt
989 3682 1040 3745 sua
1063 3681 1156 3766 figere
1177 3685 1309 3745 tentoria

281 3775 361 3838 circa
371 3773 451 3836 litus.
468 3772 565 3859 Quod
582 3770 626 3834 illi
642 3771 679 3833 de
692 3769 837 3834 Damiata
850 3769 997 3850 videntes,
1012 3769 1079 3834 suos
1094 3791 1166 3831 mox
1177 3774 1308 3834 nuncios

282 3863 416 3947 dirigunt
440 3861 477 3924 ad
502 3860 679 3940 Soldanum,
713 3881 766 3942 per
791 3881 869 3942 quos
895 3859 923 3921 se
948 3880 966 3920 a
989 3858 1155 3921 christianis
1180 3857 1307 3922 obsessos

280 3950 457 4036 significant,
480 3951 510 4012 dc
532 3965 650 4032 petunt,
674 3965 708 4012 ut
722 3949 806 4012 suum
828 3951 864 4010 ad
888 3970 941 4012 eos
955 3950 1057 4011 veniat
1080 3950 1111 4008 in
1127 3946 1307 4010 succursum.

284 4039 350 4126 Qui
366 4039 475 4118 statim,
495 4037 633 4102 collobiis
648 4037 783 4123 undique
798 4037 923 4115 viribus,
944 4036 1119 4099 Damiatam
1135 4033 1162 4097 se
1176 4036 1309 4098 contulit

281 4129 342 4192 srne
357 4149 452 4202 mora,
476 4148 568 4211 quum
582 4127 654 4190 viris
668 4127 808 4204 munivit,
830 4126 860 4188 br
874 4126 999 4208 uiribus,
1021 4145 1142 4188 necnon
1157 4124 1186 4187 δι
1201 4125 1307 4186 turrim

283 4215 506 4301 predidlam&
527 4237 566 4278 ne
579 4215 729 4278 christiani
746 4215 862 4297 possent
877 4215 906 4276 in
923 4229 1039 4296 partem
1051 4212 1175 4274 alteram
1185 4213 1307 4296 navigio

284 4305 474 4384 transmeare,
497 4303 579 4369 secus
604 4305 690 4368 annis
711 4305 809 4390 ripam
824 4304 904 4368 acies
919 4301 1147 4382 balistariorum,
1170 4301 1200 4365 δι
1223 4322 1307 4364 arca-
