3656 5648
556 503 616 624 48
739 504 981 640 Testimonio
1003 506 1045 602 in
1068 499 1217 640 Belgio
1227 501 1409 638 scripto.

556 795 613 847 que
625 777 683 830 satie
695 789 844 847 appareante
862 777 991 848 permultis
1008 776 1102 849 clypeis
1118 787 1158 830 tot
1174 775 1322 848 principum,
1342 787 1382 830 tot
1399 776 1582 847 imparidorum

555 857 661 912 heroum
681 857 748 911 clara
768 875 831 911 voce
850 857 1018 928 proferuntur,
1040 854 1160 925 sturmis,
1182 875 1240 926 quae
1255 868 1355 928 gerunt,
1376 857 1443 926 ques
1464 858 1582 912 sexcentis

556 935 648 1006 linguis
660 937 836 1007 pronuntiatur
853 937 943 1008 gloria,
964 954 1040 1007 quarn
1058 935 1181 1007 effequuti
1198 937 1254 990 sunt
1271 936 1296 990 in
1318 937 1517 1008 expeditionibus
1529 939 1583 1004 illie,

556 1016 677 1070 bonorem
700 1017 849 1070 familiarum
872 1033 1003 1071 coronans.
1026 1019 1094 1070 Ecce
1115 1035 1178 1088 gene
1200 1017 1325 1082 Mollem,
1346 1017 1427 1087 capuli
1449 1031 1498 1072 tree
1508 1018 1584 1072 Vellri

557 1097 678 1150 testentur
690 1115 809 1150 manuum
829 1098 962 1151 vestrarum
982 1098 1069 1150 roburl
1083 1100 1117 1150 Et
1140 1099 1195 1161 Tu,
1216 1096 1259 1166 qui
1279 1113 1383 1150 menum
1396 1099 1509 1150 extendit
1519 1099 1584 1151 coelo

557 1178 724 1248 tempestuoso
734 1177 766 1230 ad
778 1177 874 1230 cescum
885 1175 969 1229 militie
980 1176 1177 1245 percutiendam,
1186 1175 1389 1228 Hellembrekerl
1398 1176 1584 1231 Testimonium

556 1257 611 1310 Tui
622 1275 652 1310 ac
668 1257 742 1310 noliri
754 1255 855 1309 honoris
867 1255 962 1325 profert
975 1256 1087 1325 bipennis
1100 1271 1175 1307 manu
1191 1253 1298 1320 vibrate,
1316 1272 1333 1306 o
1344 1258 1492 1310 Verroerenl
1505 1259 1586 1312 Clara

557 1337 650 1407 gracie,
667 1355 684 1389 ο
696 1337 819 1400 Kodeno,
836 1336 914 1401 narie,
936 1353 987 1404 qua
1009 1335 1107 1388 vehitur
1128 1351 1199 1396 arus,
1218 1351 1235 1386 o
1255 1335 1402 1403 Kogmana,
1421 1337 1493 1390 oolue
1512 1339 1583 1404 Tua,

557 1434 575 1469 ο
588 1433 651 1486 gene
662 1417 783 1487 Knapen‚
800 1416 894 1486 semper
907 1415 993 1467 laudea
1013 1414 1211 1468 Harlernensrum
1224 1414 1359 1484 proferent.
1374 1415 1479 1484 Sagittae
1490 1417 1586 1482 velim,

559 1497 641 1563 stellae,
650 1496 732 1566 gentle
744 1495 817 1560 flate,
829 1497 964 1548 verborum
973 1497 1117 1548 meorum&
1127 1493 1265 1547 facinorum
1276 1511 1426 1564 magnorum
1435 1495 1586 1550 testimonias

558 1578 626 1629 Tres
648 1593 720 1628 arcuo
737 1575 815 1628 iunfii
830 1574 914 1644 gentis
926 1573 1041 1628 Wissene
1057 1575 1081 1626 dt
1095 1576 1170 1628 Beete
1184 1585 1293 1627 veterem
1306 1574 1413 1642 gloriam
1425 1577 1587 1644 pronuntient

560 1672 607 1709 nec
621 1654 703 1707 minus
715 1655 755 1708 leo
763 1654 836 1706 albus
845 1655 872 1706 in
882 1671 940 1707 area
950 1653 1058 1708 caeruleo
1068 1653 1148 1724 piflue
1160 1653 1242 1724 gentis
1252 1657 1321 1719 Loo‚
1335 1666 1425 1724 praeter
1435 1666 1519 1708 cetere
1527 1656 1589 1708 alio·

559 1753 614 1788 rum
624 1734 729 1787 heroum
738 1750 817 1787 arma.
832 1733 908 1788 cives
919 1734 996 1802 igitur
1006 1733 1091 1786 decuit
1109 1733 1146 1786 lrie
1157 1732 1301 1786 testimoniis
1314 1733 1442 1800 oblefiari,
1454 1752 1512 1804 qun
1523 1735 1590 1788 anti-

560 1814 644 1885 quitus
664 1813 749 1884 adepti
772 1826 854 1876 erant,
875 1829 955 1882 eaque
975 1812 1078 1866 solemni
1090 1830 1193 1883 pompa,
1214 1813 1294 1883 ptime
1313 1813 1414 1866 annidie
1430 1814 1545 1868 ducenda
1563 1814 1589 1868 in

560 1893 709 1949 memoriam
734 1909 860 1958 revocare,
883 1893 928 1946 ubi
954 1893 1040 1946 militia
1068 1893 1150 1946 nostra
1171 1893 1246 1946 armis
1270 1893 1500 1948 &decurionibus
1521 1913 1590 1948 eaer-

560 1986 640 2038 cetur,
664 1972 760 2027 civibus
786 1973 874 2025 nolitis
899 1972 1014 2025 ducibus.
1037 1974 1153 2025 Decebet
1170 1973 1246 2041 igitur
1271 1973 1458 2026 consecratione
1478 1973 1589 2044 quedam

561 2053 662 2124 publica
684 2053 834 2105 memoriam
856 2069 886 2104 ac
910 2051 1108 2105 recordationem
1133 2051 1240 2106 firmare.
1267 2055 1291 2105 0
1312 2053 1378 2106 cirea
1402 2053 1591 2118 Hartemenses,

561 2149 593 2185 ne
604 2133 669 2185 banc
690 2132 868 2186 caeremoniam
890 2149 1003 2201 unquam
1027 2132 1158 2196 aboleatis,
1185 2149 1202 2184 o
1224 2132 1319 2184 nobiles
1341 2131 1443 2188 Batavis
1460 2135 1590 2186 coronate
1603 2150 1626 2196 p.
1640 2143 1685 2193 ¹54

497 2239 501 2246 ·
560 2212 655 2266 frontet
672 2211 762 2265 hilam
781 2228 875 2265 corona
892 2212 1015 2264 laureatas
1035 2215 1066 2264 lo
1083 2212 1219 2282 triumphe!
1233 2215 1262 2265 lo
1275 2211 1395 2266 vidioricl
1411 2215 1446 2266 Et
1459 2213 1516 2278 Tu,
1529 2211 1591 2265 ciri-

561 2303 600 2344 tae
614 2309 671 2344 mea
682 2291 772 2362 patric,
790 2291 868 2361 figillo
880 2291 1016 2345 inviolabili
1029 2292 1177 2346 memoriam
1194 2292 1334 2346 facinorum
1348 2294 1469 2346 Tuorum
1484 2309 1592 2362 magno·

562 2389 618 2426 rum
630 2383 709 2440 tuere,
722 2389 801 2442 quum
814 2371 943 2425 thesaurus
957 2372 1033 2424 Tuus
1048 2372 1077 2424 srt
1088 2371 1277 2426 honestilsrmrul

753 2509 866 2574 Versus
880 2531 965 2572 arma
979 2509 1062 2574 urbis
1077 2509 1206 2574 Harlem
1221 2509 1412 2576 illustrantes.

599 2651 690 2724 Siquis
703 2651 807 2705 domum
821 2652 889 2704 suam
903 2651 978 2705 annis
990 2653 1060 2708 urbie
1069 2653 1158 2707 nostre
1172 2669 1262 2706 ornare
1275 2653 1338 2719 vult,
1351 2652 1489 2706 subscribat
1501 2654 1593 2720 versus,
1822 2577 1825 2772 A

563 2733 655 2804 quibus
670 2731 755 2785 laudes
769 2731 858 2784 harum
872 2748 953 2784 rerum
968 2735 1031 2785 bene
1046 2733 1173 2803 gestarum
1187 2733 1329 2786 &honoret
1344 2734 1413 2786 urbis
1427 2734 1594 2799 celebrantur,

564 2814 607 2886 qui
619 2825 740 2885 apparent
753 2829 783 2865 ex
796 2811 885 2865 armisr
900 2812 955 2864 Vim
966 2811 1032 2866 vicit
1041 2812 1135 2866 virtus.
1150 2813 1220 2866 Area
1233 2815 1257 2865 de
1269 2813 1368 2883 gladius
1383 2813 1510 2876 testantur,
1524 2813 1593 2883 quod
1825 2814 1826 2876 l

564 2893 715 2948 Damiatea
734 2891 806 2944 nobie
826 2889 940 2962 oppressa
964 2892 1019 2960 sitit,
1042 2893 1125 2960 stellae,
1147 2893 1215 2962 quod
1229 2911 1321 2946 nomen
1345 2893 1454 2945 nostrum
1476 2892 1508 2943 ad
1529 2893 1595 2944 alirn

564 2973 658 3040 transit,
672 2972 697 3025 δι
710 2989 780 3038 cmx,
793 2971 888 3041 quade
902 2973 965 3025 re&
978 2990 1052 3043 quern
1067 2974 1101 3026 ad
1114 2973 1189 3025 finem
1203 2990 1249 3026 nos
1262 2973 1445 3026 contendimue.

646 3107 760 3173 Versus
775 3129 860 3172 arma
874 3112 1048 3193 principum
1063 3109 1257 3193 quorundam
1272 3108 1515 3174 Harlemenstum

996 3215 1167 3265 attinentes.

612 3325 681 3378 Ecce
694 3340 762 3376 anna
778 3323 860 3394 gentia
876 3325 1010 3391 Mosteni,

645 3425 655 3452 r
724 3423 733 3452 t
812 3425 821 3453 e
874 3405 1073 3472 Hellembteker‚

644 3503 654 3532 r
723 3503 733 3532 r
811 3504 821 3531 ι
873 3490 1024 3550 Vervoeren,

643 3583 653 3612 ι
722 3584 732 3610 ⁸
810 3583 821 3612 ι
872 3564 995 3630 Kodden,

722 3663 732 3689 e
810 3663 820 3692 e
873 3644 1022 3712 Kogmaam

720 3742 730 3769 a
808 3742 818 3769 ι
870 3723 992 3793 Knepen,

808 3821 818 3849 a
873 3802 944 3869 Hele,

641 3821 651 3848 Ι
720 3821 730 3848 Ι

641 3900 652 3929 ι
721 3901 732 3928 e
809 3901 821 3929 r
872 3881 998 3948 Wiszene,

642 3979 654 4008 r
723 3979 733 4008 e
811 3979 821 4008 e
875 3962 962 4028 Beeu,

644 4059 654 4088 e
724 4059 735 4088 e
813 4059 823 4088 e
877 4041 941 4104 Lon,

607 4128 655 4183 tti·
677 4127 702 4180 in
722 4127 804 4180 uerbis
827 4128 947 4182 faciendis
967 4128 1041 4182 valde
1059 4126 1210 4194 sudavimur,
1226 4128 1266 4180 sed
1282 4139 1376 4180 tereret
1389 4125 1444 4179 libri
1456 4125 1600 4180 armoriales

571 4209 700 4272 testentur,
710 4207 785 4277 'quod
799 4207 840 4260 illa
852 4226 915 4278 geru
929 4221 1000 4262 vetur
1017 4209 1044 4262 in
1058 4209 1187 4262 obsidione
1199 4209 1346 4263 Damiatina
1358 4224 1479 4276 magnam
1493 4205 1600 4278 gloriam

571 4288 702 4360 affequuta
714 4285 805 4340 fuerin.

1176 3713 1236 3766 quae
1248 3696 1273 3748 in
1286 3695 1353 3750 libris
1367 3714 1417 3749 non
1429 3695 1596 3750 inveniuntur.
