3726 5628
532 438 615 552 164
671 437 914 567 Testimonio
937 435 979 528 in
1004 432 1222 528 Germania
1233 435 1416 560 scripta.

524 711 635 780 parata,
657 694 687 758 dt
707 697 780 779 quia
800 693 868 778 post
886 711 946 760 tres
971 695 1036 760 dies
1057 711 1235 780 recepturus
1263 688 1355 759 essem
1380 693 1553 760 mercedem

524 803 625 846 meam
639 784 671 846 in
685 803 729 845 ea
745 808 757 838 ι
775 783 913 847 Vocatus
924 782 966 848 est
980 783 1032 846 sub
1047 785 1203 848 celeritate
1217 784 1364 863 sacerdos,
1374 797 1497 867 rogatus
1515 781 1553 843 ab
1566 787 1620 849 lii·
1631 799 1664 846 72

524 893 630 951 uxore,
644 887 679 935 ut
693 869 913 954 pusillanimem
938 873 1136 954 confortaret,
1157 872 1348 957 desperatum
1369 869 1554 956 erigeret&

525 959 562 1024 ad
577 981 613 1022 ea
626 981 686 1044 que
707 958 774 1022 sunt
789 959 900 1040 salutis,
916 962 1095 1025 hortaretur.
1112 961 1220 1050 Quem
1235 982 1307 1024 cum
1321 960 1458 1023 sacerdos
1485 979 1554 1021 mo-

524 1063 621 1127 neret,
635 1065 668 1112 ut
682 1049 902 1112 contritionem
917 1049 1043 1113 haberet
1062 1049 1099 1113 de
1115 1051 1248 1133 peccatis
1263 1048 1331 1130 suis,
1345 1049 1376 1112 dt
1397 1065 1432 1112 ut
1446 1069 1555 1132 puram

525 1137 638 1200 faceret
651 1137 878 1216 consessionem,
901 1138 1015 1217 dicens,
1029 1139 1185 1201 neminem
1205 1137 1316 1201 debere
1336 1139 1374 1200 de
1390 1135 1453 1200 Dei
1468 1135 1556 1199 mise·

525 1226 658 1288 ricordia
681 1225 848 1309 desperare,
871 1226 1040 1309 respondit:
1066 1225 1183 1314 «Quid
1210 1226 1335 1311 prosunt
1359 1225 1452 1289 verba
1478 1223 1554 1288 istas

526 1313 601 1378 Non
618 1311 736 1397 possum
750 1315 877 1394 conteri,
891 1314 1075 1397 superfluum
1097 1316 1201 1379 iudico
1222 1312 1373 1378 confiteri.
1400 1312 1498 1401 Quod
1518 1313 1555 1376 de

526 1421 575 1464 me
590 1401 764 1484 dispositum
779 1402 831 1482 est,
845 1400 963 1466 necesse
985 1403 1028 1466 est
1039 1403 1170 1487 impleri.
1190 1403 1282 1468 Sedes
1297 1423 1366 1466 mea
1378 1419 1481 1486 parata
1505 1401 1556 1482 est,

527 1489 594 1574 post
604 1491 729 1554 tertium
740 1491 822 1552 diem
838 1490 910 1554 illuc
924 1492 1056 1570 veniam,
1070 1492 1100 1554 di
1113 1491 1279 1555 secundum
1294 1492 1378 1576 quod
1393 1491 1463 1576 geffi
1475 1492 1506 1552 in
1522 1511 1557 1552 ea

527 1579 683 1662 recipiam.
700 1600 715 1639 ›
733 1579 843 1662 Sicque
858 1576 919 1643 srne
935 1581 1133 1660 contritione,
1140 1578 1201 1644 stne
1216 1581 1411 1659 confessione,
1421 1578 1482 1642 sine
1493 1580 1557 1642 via·

527 1669 589 1730 tico
604 1668 634 1730 dt
648 1667 730 1730 sacra
750 1668 896 1731 undtione
918 1669 1006 1732 tertio
1022 1669 1071 1731 die
1093 1669 1264 1748 defunditis,
1279 1670 1310 1732 in
1325 1669 1444 1732 inferno
1458 1666 1558 1751 sepul-

527 1769 575 1819 tus
590 1756 641 1819 est.
656 1755 810 1819 Sacerdos
817 1778 891 1820 vero
902 1779 974 1819 cum
988 1755 1220 1822 ecclesiasticam
1234 1759 1261 1821 ei
1277 1773 1369 1840 negat
1382 1757 1412 1820 de
1425 1756 1556 1839 sepultu-

528 1863 603 1924 ram,
617 1844 655 1906 ab
669 1864 766 1905 uxore
780 1844 845 1907 eius
853 1860 1027 1927 corruptus,
1041 1847 1072 1908 in
1082 1847 1235 1910 cimiterio
1244 1844 1416 1929 pofitusest.
1429 1843 1558 1927 Propter

527 1933 611 2015 quod
635 1933 736 2015 postea
756 1932 785 1994 in
806 1931 929 2014 Synodo
954 1931 1144 1998 Traiedtenfi
1165 1933 1330 2014 accusatus,
1349 1927 1428 2017 pena
1455 1931 1556 1995 nescio

528 2041 589 2105 qua
603 2019 766 2085 multtatus
780 2020 831 2083 est.
847 2020 909 2083 Vix
919 2020 986 2084 sunt
1001 2038 1060 2086 tres
1074 2024 1144 2086 anni
1160 2021 1260 2106 elapsi,
1271 2044 1309 2085 ex
1331 2043 1395 2106 quo
1410 2022 1462 2085 ista
1482 2041 1558 2084 con·

528 2111 672 2193 tigerunt.
687 2108 771 2171 Ecce
785 2109 838 2172 iste
852 2107 927 2172 ficut
940 2109 1077 2192 superior
1090 2110 1213 2188 cecidit,
1228 2109 1257 2173 dt
1276 2109 1403 2172 minime
1423 2109 1558 2173 surrexit.

979 2303 1103 2368 111,c.⁶.

528 2445 577 2508 De
587 2446 709 2528 uirgine,
720 2469 805 2528 quam
818 2449 913 2510 demon
926 2448 955 2510 in
961 2449 1054 2538 specie
1068 2447 1131 2510 viri
1145 2449 1338 2528 precabatm
1351 2447 1414 2508 dem
1430 2448 1463 2509 de
1484 2449 1559 2528 vire,
1572 2469 1592 2529 1,
1602 2436 1625 2532 pi.
1639 2471 1685 2517 11⁶

569 2534 693 2598 cuiidem
721 2535 815 2597 demon
839 2548 956 2618 peccata
979 2535 1040 2614 fiete
1061 2533 1188 2620 conseffn
1203 2535 1321 2608 abierim
1348 2537 1382 2598 ti
1403 2536 1435 2597 de
1452 2535 1559 2618 puisse,

568 2622 646 2684 cuius
659 2622 907 2706 devirginationem
919 2623 1052 2706 prodidit.
1229 2635 1231 2641 “
1429 2655 1434 2664 ·

569 2784 732 2867 Tempore
746 2783 811 2862 illo,
825 2807 888 2868 quo
908 2784 1100 2850 scholasticus
1115 2784 1308 2850 Coloniensrs
1325 2783 1474 2850 Oliverus
1488 2807 1560 2850 cru·

530 2893 599 2937 cem
611 2872 778 2955 predicavit
794 2874 822 2935 in
835 2873 971 2954 partibus
986 2871 1161 2953 Brabantie,
1175 2872 1249 2938 ficut
1259 2873 1333 2936 mihi
1345 2873 1561 2938 narravitBer·

530 2962 643 3024 nardus
651 2961 820 3026 monachus
827 2958 939 3041 noster,
950 2977 1024 3024 tunc
1032 2964 1097 3026 eius
1110 2962 1267 3045 collegain
1277 2962 1497 3045 predicatione,
1505 2962 1562 3026 suit

531 3051 574 3112 ibi
588 3046 690 3131 puella
704 3049 836 3134 quedam
849 3049 997 3133 religiosa,
1011 3050 1041 3114 de
1056 3069 1129 3115 voto
1143 3051 1325 3136 virginitatis
1337 3049 1481 3134 gloriosa,
1494 3065 1562 3114 om

531 3141 570 3201 de
584 3135 718 3202 Nivella.
733 3134 877 3202 Invidens
899 3139 1038 3203 diabolus
1055 3156 1137 3202 tante
1152 3140 1268 3220 virtuti,
1278 3139 1311 3202 in
1326 3139 1425 3222 specie
1446 3140 1502 3203 viri
1521 3139 1559 3202 ad

532 3228 659 3289 modum
674 3224 793 3309 pulchri
813 3226 938 3312 satisque
952 3228 1097 3292 decenter
1119 3228 1216 3292 vestiti
1238 3246 1364 3312 apparet
1378 3229 1496 3311 virgini,
1510 3249 1562 3292 ce-

532 3317 577 3400 pit
592 3313 674 3378 illam
690 3316 789 3380 verbis
801 3317 957 3380 amatoriis
971 3316 1143 3396 sollicitere,
1157 3317 1298 3382 clenodia
1307 3314 1428 3396 offmre,
1439 3317 1561 3381 laudare

532 3403 666 3487 coniugij
694 3404 923 3483 secunditatem,
951 3406 1131 3489 virginitatis
1162 3406 1333 3489 vituperare
1364 3404 1562 3470 sterilitatem.

532 3493 594 3558 Cui
617 3494 714 3575 virgo,
738 3492 873 3558 nesciens
897 3495 966 3578 quis
990 3491 1073 3573 esset,
1088 3493 1264 3578 respondit:
1296 3493 1433 3558 «Virum
1450 3493 1562 3558 ducere

532 3602 595 3644 non
624 3603 773 3664 propone,
794 3581 906 3646 Christi
925 3603 1027 3646 amore
1054 3583 1176 3666 nuptias
1200 3582 1338 3646 carnales
1360 3581 1510 3666 postpono
1532 3581 1562 3646 dt

440 3673 442 3678 '
532 3686 733 3734 contemno.»
750 3671 895 3753 Cumque
916 3670 1041 3736 lascivus
1057 3671 1109 3736 ilie
1130 3671 1251 3756 spiritus
1265 3673 1357 3736 nimie
1370 3669 1443 3734 esset
1461 3670 1490 3733 ei
1505 3671 1563 3734 im·

533 3775 692 3844 portunus,
720 3760 751 3822 in
772 3757 895 3824 diversis
919 3759 996 3824 locis
1018 3763 1054 3824 ad
1081 3760 1168 3826 illam
1186 3761 1323 3840 veniens,
1343 3759 1439 3824 sciens
1460 3759 1563 3843 puelia

534 3846 645 3912 multas
659 3845 717 3911 esse
728 3849 861 3932 virgines
875 3848 904 3911 se
919 3848 1119 3932 pulchriores,
1136 3849 1304 3914 nobiliores
1318 3864 1410 3932 atque
1424 3847 1563 3930 ditiores,

534 3937 617 4018 cepit
629 3953 798 4000 atnatorem
813 3936 1034 4021 phantasticum
1045 3939 1157 4002 habere
1171 3937 1351 4021 impedium,
1365 3939 1407 4000 ita
1421 3953 1456 4002 ut
1465 3940 1494 4001 ei
1515 3937 1562 4002 di·

534 4042 638 4090 ceret:
661 4051 674 4084 e
694 4025 779 4090 Bone
801 4025 937 4104 domine,
950 4028 1019 4109 quis
1035 4026 1085 4089 vel
1100 4028 1179 4090 unde
1194 4026 1273 4105 estis,
1286 4028 1370 4110 quod
1386 4042 1472 4090 tanto
1487 4027 1561 4092 mihi

412 4113 415 4120 ¹
535 4113 681 4178 desiderio
695 4114 831 4198 copulari
846 4113 1011 4180 effodiant?
1027 4141 1038 4174 i
1056 4116 1201 4200 Cumque
1213 4113 1265 4178 ille
1279 4116 1392 4180 invitus
1407 4113 1435 4180 se
1450 4117 1562 4200 prode·

535 4219 591 4283 ret,
605 4203 635 4267 n
649 4204 734 4288 virgo
748 4221 834 4270 tanto
849 4203 1024 4292 propensius
1038 4203 1170 4285 instaret,
1189 4207 1316 4272 tandem
1327 4207 1444 4270 demon
1459 4203 1561 4270 neces·
