3656 5648
505 528 577 640 64.
617 524 861 620 Guillelmus
883 530 1009 621 Brito.
1135 531 1138 537 ’
1208 560 1269 652 79

237 792 357 876 gallice,
381 793 412 856 dt
437 791 551 858 multos
576 815 668 858 cruce
696 791 851 876 signabant
877 794 1090 873 indifferenter,
1117 797 1271 879 parvulos,

238 881 331 964 senes,
359 881 514 963 mulieres,
539 882 675 958 claudos,
699 904 799 962 cecos,
829 881 944 962 surdos,
970 881 1117 966 leprosos:
1145 903 1270 968 propter

236 971 320 1122 hl
332 969 709 1144 sshrlslssssbis
720 969 1269 1144 {tlt‘s‘rslhssstsslhl}

236 1171 329 1231 quarn
344 1145 427 1232 polle
441 1147 615 1212 succurrere
631 1147 730 1212 santte
743 1147 855 1211 Terre.
880 1147 937 1211 Sed
960 1149 990 1210 in
1013 1147 1269 1230 predicationibus

235 1235 304 1316 suis,
318 1238 428 1321 quibus
443 1238 625 1302 videbantur
640 1237 718 1301 velle
741 1237 859 1319 placere
885 1235 1013 1319 populo,
1034 1235 1193 1321 plusquam
1213 1260 1268 1300 ne-

236 1325 312 1388 cesse
326 1324 398 1390 esset
413 1323 609 1390 diffamabant
622 1325 749 1404 clerum,
761 1327 862 1408 turpia
873 1324 1008 1388 dicentes
1020 1323 1049 1387 ἃ
1060 1324 1269 1410 confingentes

235 1435 339 1478 coram
355 1414 471 1498 populo
488 1416 525 1478 de
542 1417 605 1478 vita
618 1437 738 1494 eorum,
756 1413 841 1478 &ita
853 1414 930 1476 inter
941 1412 1056 1474 clerum
1074 1412 1103 1476 ἃ
1119 1413 1269 1495 populum

236 1503 394 1567 materiam
409 1501 585 1566 scandali&
606 1501 770 1569 schismatis
791 1501 992 1569 seminabant:
1015 1518 1139 1586 propter
1161 1501 1269 1586 que&

235 1607 360 1674 propter
379 1589 509 1674 quedam
532 1590 591 1657 alia
612 1590 787 1674 gravamina
809 1606 871 1652 tam
892 1610 944 1652 rex
966 1612 1057 1674 quarn
1080 1588 1180 1652 clerus
1202 1587 1270 1649 uni-

234 1679 346 1758 versus,
367 1695 476 1742 contra
500 1680 597 1761 ipsum
622 1679 767 1762 legatum,
789 1677 888 1741 sedem
912 1677 1111 1762 apostolicam
1135 1674 1269 1760 appella-

234 1784 349 1832 verant.
367 1767 478 1834 Potens
492 1767 536 1831 est
550 1784 652 1830 tamen
668 1765 827 1830 Dominus
841 1766 898 1828 hec
913 1769 1018 1830 omnia
1038 1787 1092 1851 pro
1112 1765 1268 1828 voluntate

234 1855 285 1918 sua
299 1855 451 1937 sedare&
465 1856 600 1920 Terram
613 1855 745 1918 sandiam
756 1855 794 1918 de
805 1856 945 1920 manibus
961 1857 1157 1920 inimicorum
1169 1853 1268 1918 crucis

234 1965 288 2026 per
303 1945 421 2008 infirma
446 1947 563 2026 mundi,
577 1942 598 2008 st
613 1943 755 2022 voluerit,
779 1944 906 2006 liberare
922 1969 934 2002 ι
953 1947 1006 2028 qui
1021 1960 1129 2026 potens
1144 1941 1173 2005 ἃ
1188 1939 1268 2008 filios

232 2027 323 2096 Israel
337 2035 375 2097 de
390 2034 541 2118 lapidibus
557 2033 695 2096 suscitare
707 2059 719 2090 >
736 2031 837 2112 (Luc,
849 2051 896 2112 111,
910 2033 950 2112 8).

135 2153 159 2198 p.
173 2149 219 2184 m
274 2122 368 2185 Anno
393 2123 431 2186 ab
454 2121 662 2185 incarnatione
686 2118 818 2183 Domini
842 2116 1068 2198 MCCXVIII,
1089 2119 1165 2182 obiit
1191 2117 1268 2184 Odo
1283 2121 1342 2170 ¹²¹⁸

232 2197 344 2274 nobilis
359 2213 421 2273 dux
436 2210 614 2294 Burgundio
628 2206 861 2294 crucesignatus,
875 2211 927 2292 qui
943 2209 1070 2271 condito
1089 2208 1267 2272 testamento

234 2299 395 2380 pecuniam
411 2297 608 2362 sufficientem
623 2298 653 2361 δι
668 2297 780 2360 milites
795 2296 920 2361 &viros
935 2313 1068 2360 armatos
1079 2296 1157 2360 misit
1173 2293 1267 2379 prose

233 2386 264 2449 in
279 2385 456 2470 obsequium
477 2387 576 2452 sande
596 2386 707 2451 Crucis
722 2388 758 2449 ad
774 2386 1010 2449 succurrendum
1032 2384 1130 2448 landis
1153 2384 1266 2454 Terre,

272 2474 393 2538 Eodem
408 2497 499 2556 anno,
513 2479 543 2538 in
560 2475 633 2538 sesto
648 2475 728 2539 beati
743 2472 877 2554 Ioannis,
892 2472 997 2538 Petrus
1010 2469 1174 2537 Paristensts
1189 2472 1266 2556 epis·
1278 2473 1329 2522 tun.
1341 2487 1372 2534 ²4

232 2585 338 2646 copus,
353 2563 383 2626 dr
398 2563 546 2630 Galterus
561 2565 752 2642 camerarius,
774 2563 913 2626 Herveus
932 2583 1037 2624 comes
1061 2561 1216 2644 Nivernij,
1235 2560 1265 2625 &

233 2651 321 2716 multi
350 2652 399 2738 alij
430 2652 502 2716 boni
535 2651 657 2731 milites,
685 2651 714 2715 δι
742 2651 871 2716 aliorum
899 2651 1061 2712 hominum
1089 2649 1266 2732 multitudo,

232 2741 289 2804 iter
313 2743 502 2823 arripuerunt
523 2741 623 2806 sandte
648 2740 900 2825 peregrinationis
920 2739 951 2802 in
967 2738 1144 2824 obsequium
1165 2739 1265 2804 landis

232 2830 350 2895 Crucis.

272 2917 394 2982 Eodem
416 2939 509 2998 anno,
531 2919 561 2982 in
587 2933 746 2996 autumno,
768 2915 943 2980 universitas
962 2914 1192 2979 christianorum
1212 2917 1265 3001 qui

232 3023 318 3070 erant
340 3009 370 3070 in
393 3006 496 3070 Terra
518 3006 619 3070 sanbla
641 3006 757 3070 obsedit
778 3007 934 3069 civitatem
957 3002 1177 3068 famosissimam
1199 3005 1266 3069 Da-

231 3098 357 3160 mietam
372 3097 402 3158 in
416 3095 553 3158 confinio
568 3094 681 3180 Egypti
697 3095 783 3178 super
797 3093 908 3158 Nilum
922 3093 1016 3173 sitam,
1029 3115 1090 3179 que
1105 3093 1266 3178 Memphis

232 3185 400 3266 antiquitus
415 3183 582 3263 dicebatur,
597 3182 626 3246 δι
641 3200 894 3268 oppugnaverunt
914 3182 998 3246 illam
1012 3203 1066 3265 per
1082 3203 1206 3246 annum.
1228 3179 1265 3246 In

231 3271 293 3336 fine
307 3273 378 3336 anni
393 3274 531 3336 exierunt
545 3274 584 3336 de
598 3273 734 3336 exercitu
749 3273 980 3336 christianorum
998 3271 1124 3355 quidam
1144 3271 1265 3335 circiter

232 3361 341 3424 decem
355 3360 460 3442 millia,
475 3360 505 3424 δι
520 3378 732 3445 pugnaverunt
750 3377 860 3424 contra
880 3359 1062 3426 Sarracenos
1083 3360 1136 3445 qui
1155 3383 1265 3425 eorum

230 3449 324 3514 castra
345 3449 534 3529 obsederant,
556 3450 586 3512 bt
609 3449 682 3512 vieti
704 3449 770 3513 sunt
790 3449 828 3513 ab
848 3446 927 3532 ipsis.
952 3445 1071 3512 Ibidem
1092 3466 1199 3532 captus
1222 3449 1265 3514 est

231 3537 380 3603 Galterus
395 3536 646 3602 cambellanus&
668 3536 752 3601 Milo
772 3534 888 3600 elestus
907 3531 1108 3614 Belvacensts,
1126 3533 1156 3598 δι
1175 3535 1264 3600 multi

230 3625 282 3688 ali'
299 3625 461 3690 christiani.

269 3648 393 3778 llodem
406 3735 498 3793 anno,
513 3713 543 3777 in
559 3713 678 3796 hyeme,
692 3715 833 3776 Herveus
848 3712 886 3775 de
901 3711 1020 3792 Leone,
1033 3710 1078 3774 vir
1096 3711 1175 3775 inter
1193 3709 1263 3774 Bri-

231 3820 320 3866 tones
334 3804 424 3866 armis
439 3801 469 3866 δι
484 3802 602 3890 (ΗνίῑίἰεΙ
621 3818 741 3886 potens,
761 3822 833 3865 cum
854 3799 926 3865 elset
947 3803 977 3865 in
1000 3799 1146 3884 obsequio
1164 3798 1264 3863 sarisb.²

231 3892 341 3958 Crucis
355 3893 434 3975 apud
451 3893 606 3971 Acharon,
621 3908 744 3956 mortuo
763 3890 877 3954 ibidem
904 3889 1059 3957 Morvano
1081 3889 1264 3954 vicecomite

230 3979 316 4064 Fagi,
326 3979 439 4044 sororio
450 3981 701 4064 eiuscupiditate
714 3997 790 4043 terre
801 3977 935 4042 eiusdem
952 3978 1132 4062 occupande
1144 3975 1263 4058 duetus,

229 4085 338 4133 contra
364 4069 489 4132 salutem
513 4069 595 4131 suam
616 4069 646 4133 δι
668 4067 908 4151 prohibitionem
928 4069 1094 4151 patriarche
1116 4065 1262 4130 Hieroso-

230 4155 368 4240 lymitani
398 4156 428 4220 ἃ
453 4157 686 4220 christianorum
711 4159 763 4241 qui
796 4157 910 4219 ibidem
937 4173 1033 4236 erant,
1068 4157 1124 4219 iter
1151 4156 1261 4219 iterum

230 4247 356 4330 arripuit
371 4247 400 4308 in
416 4248 544 4329 patriam
559 4247 706 4309 redeundi
721 4268 729 4308 :
750 4246 837 4308 cuius
851 4245 1009 4310 occasione
1024 4243 1112 4309 multi
1133 4243 1182 4328 alij
1208 4244 1260 4327 qui
