3716 5628
569 584 652 645 2¹2
719 553 956 684 Testimonio
977 555 1019 646 in
1040 553 1243 679 Hispania
1254 553 1434 685 scripta.

704 926 778 1022 148.
804 925 1016 997 Ronmucus
1039 924 1270 996 rotmanus
1295 937 1329 1006 (t
1350 935 1440 1006 ¹24⁷),

823 1118 974 1186 Chronica
990 1119 1149 1211 Hispania
1175 1127 1329 1198 [-1243).

850 1297 957 1364 [Schott‚
968 1295 1091 1366 ffispaur'ta
1103 1295 1235 1366 undam,
1246 1298 1306 1370 tu]

1069 1447 1089 1492 U

496 1610 555 1657 1217
607 1585 690 1648 Huic
712 1585 844 1650 succeffit
864 1584 945 1650 filius
966 1585 1140 1670 Alphonsus
1161 1588 1193 1648 in
1216 1587 1365 1669 principio
1386 1586 1586 1650 christianidi·
1600 1613 1678 1664 μις

567 1696 645 1754 mun,
666 1675 696 1738 in
710 1673 770 1738 fine
791 1674 840 1736 suc
860 1675 980 1738 deditus
1000 1672 1159 1740 voluntati.
1183 1672 1219 1737 In
1233 1675 1340 1738 diebus
1353 1675 1419 1740 eius
1433 1674 1586 1740 Alchazar

567 1761 706 1826 &castra
719 1763 777 1826 alia
792 1764 821 1826 in
837 1763 1024 1826 deditionem
1037 1761 1107 1826 fidei
1121 1763 1281 1827 christiane
1296 1779 1506 1846 pervenerunt.

765 2033 839 2111 149.
866 2015 1036 2084 Chronicon
1053 2015 1224 2107 tamense
1250 2023 1297 2094 (-
1313 2027 1400 2093 1245).

851 2188 967 2254 [nm
982 2185 1137 2257 mogun
1149 2185 1211 2256 au,
1224 2189 1279 2253 na,
1290 2187 1323 2258 t]

1069 2318 1090 2360 2

568 2454 843 2628 [erpffizp'rlcapta
856 2454 943 2518 suita
957 2454 1017 2516 iam
1032 2453 1116 2517 diddo
1130 2474 1199 2540 rege
1214 2452 1352 2518 Aisonso.
1375 2452 1439 2517 Era
1453 2453 1587 2520 MCLX
1600 2474 1623 2522 n
1634 2472 1668 2506 ¹⁰

776 2802 853 2882 150.
880 2784 999 2856 Lucus
1022 2783 1204 2855 Tuneusrs
1228 2796 1263 2865 (ψ
1283 2795 1372 2866 ηςο),

931 2960 1100 3029 Chronicon
1117 2959 1231 3028 mundi.

847 3133 954 3200 [acham
965 3131 1089 3203 ffispania
1100 3131 1235 3202 multata,
1249 3133 1309 3205 lv.]

1071 3265 1091 3310 c

496 3444 554 3489 1217
606 3412 707 3476 Huius
717 3410 838 3495 gloriosr
853 3413 931 3494 regis
946 3428 1085 3496 tempore
1096 3413 1185 3476 multi
1198 3434 1290 3476 cruce
1307 3411 1490 3498 srgnatorum
1504 3436 1587 3478 mare
1600 3449 1622 3496 p.
1637 3447 1681 3496 ης

568 3500 832 3564 Mediterraneum
854 3499 1074 3566 trmffretantes
1096 3501 1126 3564 in
1141 3501 1264 3585 Egypto
1282 3499 1418 3564 nobilem
1432 3501 1588 3567 civitatem

568 3588 743 3653 Damiatam
766 3588 804 3651 de
819 3589 1051 3652 sarracenorum
1072 3590 1210 3654 manibus
1224 3607 1374 3654 eruerunt
1396 3589 1521 3654 Etenim
1537 3612 1590 3675 per

566 3699 663 3740 unum
687 3697 800 3740 annum
819 3691 981 3759 antequam
1009 3696 1061 3740 rex
1086 3675 1262 3740 Femandus
1286 3697 1409 3760 regnare
1429 3678 1590 3762 inciperet,

566 3764 712 3850 gloriosus
734 3785 811 3848 papa
832 3761 1030 3828 Innocentius
1045 3763 1146 3827 Rome
1167 3763 1314 3848 synodum
1328 3765 1511 3830 celebravit:
1536 3767 1587 3830 ubi

566 3853 687 3916 suertmt
711 3852 922 3935 quadringenti
951 3851 1064 3934 septem
1089 3850 1233 3935 episcopi,
1258 3853 1401 3935 primates
1425 3853 1455 3916 dr
1476 3870 1589 3918 metro-

568 3941 693 4023 politani
709 3940 894 4025 septuaginta
909 3963 996 4005 unus.
1021 3941 1186 4004 Affuerunt
1199 3942 1291 4004 etiam
1304 3944 1367 4004 duo
1381 3942 1420 4005 de
1435 3944 1589 4028 precipuis

567 4029 755 4113 patriarchis,
783 4029 924 4092 videlicet
948 4027 1316 4112 Constantinopolitanae,
1335 4029 1588 4116 Hierosolymita·

566 4140 638 4183 nus:
664 4118 876 4182 Antiochenus
897 4139 972 4180 vero
992 4118 1074 4200 gravi
1097 4117 1241 4202 languore
1263 4118 1402 4184 detentus
1426 4119 1505 4184 misrt
1519 4143 1589 4205 pro-

567 4223 738 4270 curatorem
752 4206 847 4268 suum.
862 4203 1085 4270 Alexandrinus
1100 4207 1191 4269 etiam
1202 4205 1438 4270 Sarracenorum
1449 4209 1588 4272 dominio

568 4295 681 4380 pressus
692 4291 771 4360 mistt
780 4295 928 4358 vicarium
939 4294 1033 4358 suum.
1047 4291 1251 4360 Intermerunt
1260 4295 1383 4360 abbates
1395 4295 1586 4362 Benedidtiui
