3656 5648
553 517 610 608 26
742 514 986 648 Testimonio
1007 518 1049 609 in
1073 510 1221 647 Belgio
1236 513 1413 641 scripto.

552 777 602 830 lum
620 779 652 830 ad
674 777 857 848 expeditionem
879 779 962 832 Sanffi
977 779 1103 848 Sepulchri
1123 778 1216 832 hortari
1234 779 1313 844 iubet,
1330 778 1370 831 cui
1382 777 1464 848 primo
1475 777 1577 847 quidem

551 859 634 927 pauci,
652 859 737 928 postea
750 876 810 911 vero
827 859 1019 912 innumerabiles
1032 859 1196 912 obaudientes
1209 859 1297 928 signati
1311 858 1373 911 sunt.
1395 858 1496 912 Deinde
1513 858 1577 910 idem

551 956 626 1008 papa,
648 937 807 1007 pontificatus
828 939 863 992 sui
881 956 948 991 anno
968 937 1028 1006 xvij,
1048 939 1130 992 mense
1153 938 1305 1002 novembris,
1326 939 1351 990 in
1365 937 1464 990 basilica
1477 939 1578 991 Latera-

550 1018 627 1083 nensi,
647 1037 698 1088 que
711 1018 916 1072 Constantiniana
931 1021 1078 1084 vocabatur,
1099 1019 1234 1072 celebravit
1249 1017 1384 1072 concilium
1397 1017 1522 1086 generale,
1533 1034 1579 1087 pru

551 1096 657 1150 subsidio
672 1099 754 1150 Terre
767 1099 855 1151 Sandle
874 1101 897 1151 δι
918 1116 964 1168 pro
984 1099 1047 1150 stetu
1064 1097 1204 1151 universalis
1221 1098 1329 1162 ecclesre,
1352 1097 1395 1150 ubi
1417 1097 1497 1150 multa
1509 1097 1579 1150 utilia

552 1177 641 1230 statuta
661 1178 761 1231 fuerunt
779 1180 946 1249 promulgata.
967 1181 995 1232 In
1008 1198 1060 1249 quo
1073 1179 1120 1232 fuit
1131 1197 1189 1232 curn
1203 1178 1359 1248 patriarchis,
1380 1177 1580 1249 archiepiscopis,

552 1258 681 1328 episcopis,
706 1259 841 1312 abbatibus
868 1261 892 1311 8ι
921 1259 975 1312 aliis
1004 1259 1119 1329 prelatis,
1144 1260 1238 1312 summa
1263 1259 1414 1330 prelatorum
1440 1261 1578 1312 Mccxc.

552 1339 672 1405 Demum,
686 1356 743 1391 cum
757 1352 858 1408 propter
871 1339 1059 1392 subventionem
1074 1341 1156 1393 Terre
1170 1340 1258 1393 Sande
1270 1341 1335 1392 inter
1348 1338 1459 1404 Pisanos,
1474 1341 1580 1392 lanuen·

553 1417 588 1470 ses
602 1420 626 1470 δι
639 1419 799 1471 Lombardos
812 1437 900 1488 pacem
917 1419 999 1473 facere
1012 1420 1160 1486 intenderet,
1181 1419 1205 1472 in
1218 1418 1307 1472 itinere
1325 1419 1358 1472 ad
1370 1419 1420 1472 hoc
1433 1419 1580 1472 constitutus

552 1499 619 1567 apud
634 1497 761 1551 Petusium
776 1499 809 1550 ell
822 1499 964 1565 defundus,
985 1500 1028 1552 ubi
1041 1499 1067 1552 in
1081 1498 1181 1552 ecclesia
1196 1497 1271 1552 saneti
1283 1499 1412 1566 Laurenti]
1426 1499 1579 1552 tumulatur:

552 1575 592 1628 cui
605 1577 713 1630 successit
730 1577 859 1630 Honorius
872 1579 918 1643 111,
937 1577 1038 1631 n'atione
1054 1580 1196 1631 Romanus.

482 1663 540 1710 ¹2¹7
588 1656 687 1708 Eodem
701 1673 804 1728 quoque
817 1669 939 1726 tempore,
952 1657 1043 1711 scilicet
1055 1675 1121 1710 anno
1130 1660 1210 1712 MCC
1220 1660 1244 1711 dt
1254 1659 1337 1724 XVII,
1350 1657 1488 1710 multitudo
1496 1673 1582 1710 cruce-
1594 1666 1616 1711 Ρ·
1631 1651 1676 1710 ¹5⁸

553 1735 715 1804 signatorum,
728 1736 768 1805 alij
784 1755 827 1806 per
841 1749 928 1802 terras,
940 1737 981 1806 alij
999 1738 1110 1808 navigio,
1121 1739 1204 1790 versus
1217 1737 1402 1790 lherosolimam
1416 1736 1462 1790 iter
1475 1735 1582 1805 aggressi

554 1815 619 1881 sunt,
640 1816 683 1867 ubi
698 1816 817 1868 Damiata
833 1815 920 1869 civitas
932 1816 983 1869 iarn
1000 1817 1110 1888 byennio
1122 1835 1138 1870 a
1150 1817 1286 1871 christianis
1300 1817 1397 1870 obsessa
1414 1818 1519 1887 capitur,
1540 1815 1581 1869 sed

556 1896 692 1961 Sarraceni,
705 1895 809 1949 fortuito
821 1896 878 1949 casu
891 1897 1061 1967 contingente,
1075 1915 1130 1950 eam
1143 1899 1228 1968 postea
1243 1910 1457 1966 recuperaverunt.

674 2125 727 2175 21.
753 2110 817 2175 Die
830 2111 956 2200 lingere
973 2108 1297 2197 Hochmeisterchronih
1316 2119 1371 2186 v(-
1385 2120 1473 2185 14⁶7)-

887 2284 937 2355 [SS.
951 2287 1002 2338 RR.
1021 2287 1190 2351 Prufficarum,
1201 2287 1247 2352 V.]

1056 2415 1075 2456 ³1⁶

569 2553 678 2621 [Sequitur
690 2553 782 2617 Ollvm'j
792 2553 913 2602 Historiam
925 2554 1079 2603 Damiatinam
1090 2553 1119 2603 dl
1127 2557 1211 2602 Petrum
1222 2555 1247 2603 de
1256 2556 1375 2620 Dulfhurg,
1385 2556 1504 2620 infrasesl.
1514 2555 1566 2618 W]

484 2721 542 2768 1216
594 2707 645 2772 Int
664 2709 724 2792 jair
748 2729 803 2772 ons
828 2709 932 2772 Heern
955 2707 1056 2774 MCC
1078 2710 1156 2773 ende
1180 2712 1229 2793 xvj
1249 2733 1311 2776 was
1332 2713 1412 2775 noch
1434 2733 1491 2775 een
1506 2712 1582 2776 vairt
1596 2721 1661 2772 1³·59

555 2799 627 2860 then
642 2796 773 2880 heiligen
789 2795 887 2859 lande.
903 2795 982 2859 Dair
997 2814 1088 2882 rogen
1104 2798 1153 2861 dic
1174 2801 1310 2883 coningk
1330 2821 1388 2864 van
1411 2800 1581 2883 Ongarien,

554 2885 603 2948 die
619 2883 753 2948 coninck
770 2904 827 2945 van
841 2883 958 2967 Sypers,
976 2885 1024 2948 die
1034 2888 1162 2952 hertoch
1178 2909 1235 2951 van
1251 2888 1441 2968 Oistenrick,
1456 2887 1505 2950 die
1517 2887 1582 2972 bys-

554 2977 624 3056 scop
637 2995 694 3035 van
708 2972 850 3050 Utrecht,
862 2973 910 3035 die
923 2971 1037 3059 biss'cop
1052 2998 1110 3040 van
1122 2975 1263 3040 Munster
1277 2978 1354 3040 ende
1369 2977 1455 3040 seven
1472 2978 1582 3039 aender

553 3059 717 3145 byslcopen
738 3065 817 3125 ende
837 3061 903 3124 veel
916 3079 1019 3147 gruter
1033 3066 1126 3128 heren
1147 3081 1181 3128 ut
1202 3063 1380 3149 Duytschen
1396 3065 1484 3128 lande
1505 3067 1582 3128 ende

552 3172 684 3233 quamen
707 3167 754 3214 tot
776 3151 887 3230 Akcrs,
912 3155 990 3215 ende
1011 3153 1060 3216 die
1076 3155 1225 3236 patriarch
1247 3176 1304 3216 van
1320 3151 1416 3216 Ihrlm
1436 3175 1508 3217 nam
1529 3155 1582 3236 dyt

552 3238 664 3322 heilige
678 3240 755 3302 hout
769 3260 827 3302 van
846 3239 905 3303 den
920 3263 1010 3325 cruys
1025 3263 1081 3304 ons
1095 3241 1218 3304 Heercn
1234 3243 1264 3304 in
1279 3242 1328 3305 die
1343 3243 1426 3322 hant,
1440 3242 1518 3306 ende
1533 3245 1583 3303 dat

551 3349 613 3392 was
631 3329 680 3390 die
700 3327 817 3407 bannir,
837 3329 916 3391 ende
934 3330 982 3393 die
994 3333 1084 3394 toech
1099 3331 1176 3394 voir.
1189 3331 1253 3393 Die
1267 3331 1400 3394 coninclr
1417 3351 1475 3393 van
1487 3327 1583 3392 Ihrlm

551 3415 629 3477 ende
651 3414 710 3478 alle
730 3418 780 3479 die
801 3419 928 3500 princen
951 3437 1015 3502 myt
1036 3421 1132 3482 horen
1153 3419 1223 3482 volc
1244 3435 1335 3502 tugen
1359 3435 1391 3481 ut
1406 3418 1524 3482 Aclrers
1539 3420 1584 3481 int

551 3500 661 3587 heilige
688 3503 760 3582 lant,
787 3505 926 3566 merdic
950 3503 1105 3569 Sarasrnen
1129 3507 1266 3586 wecken,
1289 3506 1367 3569 ende
1392 3506 1440 3568 die
1464 3506 1583 3569 kersten

551 3612 683 3653 wunnen
711 3614 767 3655 een
789 3593 888 3655 sterck
916 3593 1023 3657 casteel
1049 3597 1127 3657 ende
1152 3595 1306 3678 verllogen
1332 3593 1398 3657 veel
1420 3593 1584 3673 Sarastnen,

552 3700 616 3741 mer
639 3679 710 3742 daer
731 3702 788 3743 nae
809 3703 847 3744 en
870 3682 990 3745 haddon
1012 3683 1041 3770 sy
1061 3700 1133 3765 nyet
1153 3683 1218 3746 veel
1240 3683 1400 3762 vidiorien,
1421 3683 1499 3747 ende
1520 3685 1585 3746 dair

552 3789 608 3830 nae
629 3769 712 3831 toich
736 3769 785 3832 die
806 3771 939 3833 coninclr
961 3791 1019 3833 van
1042 3771 1200 3854 Ongarien
1216 3788 1280 3856 myt
1295 3775 1384 3856 synen
1400 3772 1470 3835 vole
1484 3773 1585 3837 weder

552 3855 660 3940 t’huys.
1544 3885 1548 3896 ·

593 3942 671 4006 Dair
693 3967 751 4008 nae
775 3947 820 4010 int
839 3945 917 4009 sclve
934 3948 994 4030 jair
1014 3962 1106 4029 rogen
1133 3949 1268 4011 coninck
1289 3945 1384 4011 Iohan
1404 3969 1463 4011 van
1485 3946 1582 4011 Ihrlm

552 4033 630 4095 ende
653 4034 702 4095 die
716 4035 850 4097 coninck
865 4055 923 4118 van
947 4036 1077 4119 Cypres,
1095 4035 1144 4100 die
1165 4038 1312 4100 hertoech
1327 4058 1384 4100 van
1397 4035 1583 4116 Oistenrick,

551 4119 601 4181 die
622 4117 776 4203 bisscopen
789 4139 822 4185 ut
833 4121 1011 4207 Duytschen
1023 4123 1144 4204 landen,
1155 4126 1233 4188 ende
1244 4126 1294 4187 die
1305 4125 1367 4186 drie
1379 4124 1512 4189 meisters
1524 4145 1581 4188 van

551 4207 610 4270 den
630 4208 716 4271 drien
736 4208 842 4273 oirden
860 4226 893 4274 ut
911 4211 1012 4275 Akers
1027 4213 1126 4275 enden
1146 4213 1332 4276 bemuerden
1351 4213 1429 4276 ende
1442 4213 1580 4276 maeden

551 4294 593 4357 ast
606 4295 676 4359 vdie
687 4297 783 4361 borch
796 4297 945 4383 Pelgerin,
953 4301 1002 4364 die
1017 4300 1061 4364 int
1076 4300 1192 4364 bisdotu
1206 4323 1264 4366 van
1277 4299 1418 4366 Cesarien
1434 4301 1488 4364 leit
1502 4300 1583 4366 ende
