3726 5628
412 550 506 643 ¹05·
546 518 756 646 Caesarius
788 515 1143 654 Heiflerbacerzfis.
1212 515 1293 642 169

267 783 306 849 fie
323 785 472 849 terminos
499 783 566 850 suos
588 783 756 869 egrediens,
772 785 937 849 multarum
962 787 1185 868 provinciarum
1203 807 1296 856 terras

266 874 440 957 occupavit,
459 872 547 938 villas
558 873 681 956 delevit,
703 873 843 940 ecclesias
869 876 1002 958 lapideas
1030 879 1151 959 deiecit,
1178 897 1297 946 tantum

266 966 428 1028 bominum
439 965 621 1048 extinguens
636 965 875 1046 multitudinem,
894 984 928 1031 ut
950 965 1065 1031 summa
1082 984 1207 1032 centum
1228 973 1298 1035 mil·

267 1052 308 1116 lia
328 1051 558 1116 transcenderet.
580 1049 627 1115 lta
650 1052 772 1117 exaltati
802 1053 869 1118 sunt
885 1054 997 1120 {ludius
1019 1059 1094 1138 eius,
1112 1074 1146 1122 ut
1166 1061 1297 1124 turrium

162 1134 575 1222 Hirsutitudinesoperire
595 1141 823 1221 videremus&
846 1142 979 1226 procella
1000 1135 1166 1228 pro'cellam
1188 1147 1298 1232 impel-

268 1232 343 1310 lens,
357 1229 499 1315 generale
515 1228 666 1293 diluvium
681 1235 769 1296 terris
785 1233 961 1297 minaretur.
976 1233 1018 1298 Et
1031 1235 1232 1300 sicutdidlum
1241 1239 1299 1300 fuit

268 1320 369 1384 abbati
390 1319 504 1398 nostro,
524 1340 597 1381 cum
618 1319 728 1382 eodem
749 1343 830 1385 anno
851 1320 1029 1388 visitationis
1051 1327 1147 1409 gratia
1173 1325 1199 1389 F
1201 1326 1298 1389 risram

268 1405 412 1489 intrasset,
427 1409 510 1492 quod
521 1407 631 1472 sludlus
646 1409 780 1475 sinentes
792 1412 883 1475 etiarn
899 1411 991 1496 usque
1011 1413 1178 1478 Coloniam
1193 1437 1299 1498 perve-

267 1495 385 1579 nissent,
404 1496 502 1562 sinon
519 1498 607 1582 isqui
621 1519 673 1562 eos
688 1499 883 1578 excitaverat,
894 1501 1056 1584 genetricis
1071 1501 1130 1581 sue,
1149 1518 1184 1567 ut
1198 1505 1300 1585 postea

268 1589 395 1669 dicetur,
429 1588 572 1671 precibus
605 1585 844 1672 compescuisset.
876 1587 1036 1652 Novicius:
1064 1591 1155 1654 Nosti
1179 1594 1299 1657 causam

268 1693 351 1742 tante
372 1677 486 1762 plage?
509 1677 691 1742 Monachus.-
709 1679 804 1743 Novi.
830 1677 914 1741 Friso
929 1679 1054 1762 quidam
1074 1697 1138 1743 arte
1159 1683 1244 1765 pugil
1268 1683 1298 1746 in

269 1767 375 1830 eadem
394 1768 553 1851 provincia
566 1767 689 1846 exstitit,
703 1768 756 1851 qui
771 1769 914 1851 quotiens
929 1767 967 1830 de
988 1768 1113 1832 taberna
1132 1768 1234 1834 ebrius
1251 1789 1299 1834 re-

269 1855 335 1936 diit,
350 1857 463 1920 totiens
470 1877 600 1918 uxorem
608 1855 783 1919 verberibus
797 1855 827 1919 dt
839 1855 936 1939 plagis
947 1855 1015 1920 satis
1027 1856 1191 1921 tribulavit.
1199 1859 1301 1922 Tem·

270 1965 345 2026 pore
359 1944 494 2027 quodam
510 1945 621 2008 timore
632 1945 733 2008 mariti
749 1944 958 2008 infirmitatem
972 1943 1125 2026 simulans,
1132 1968 1171 2009 ne
1180 1944 1301 2012 simula-

270 2035 314 2098 tio
332 2035 440 2097 eadem
454 2031 552 2117 poll'et
564 2035 674 2114 notari,
692 2055 804 2118 corpus
827 2033 958 2098 Domini
972 2030 1025 2096 fibi
1044 2035 1107 2097 dari
1121 2035 1300 2118 postulavit

269 2121 416 2186 Venienti
435 2119 582 2185 sacerdoti
608 2122 693 2208 pugil
712 2144 783 2185 cum
805 2122 917 2206 scypho
932 2119 1056 2185 cervisie
1077 2123 1180 2188 ebrius
1194 2143 1303 2187 occur-

269 2230 348 2289 rens,
368 2210 473 2274 bibere
487 2231 559 2273 eum
574 2212 703 2274 monuit.
726 2209 853 2274 Etcum
876 2210 927 2273 ille
950 2209 1167 2293 responderet:
1191 2211 1303 2276 ‹Cor-

272 2325 285 2357 ‹
298 2321 353 2382 pus
366 2297 498 2362 Domini
507 2315 609 2384 porto,
620 2321 682 2362 non
695 2300 789 2363 modo
801 2299 914 2379 bibam,
929 2324 942 2355 ι
955 2300 1047 2363 iratus
1059 2298 1143 2362 Friso
1155 2322 1227 2363 cum
1239 2300 1303 2384 scy-

271 2389 333 2472 pho
355 2388 490 2472 pixidem
513 2387 707 2472 percuffit,&
728 2408 836 2451 omnes
851 2385 961 2452 hostias
985 2388 1023 2451 de
1044 2388 1096 2451 illa
1115 2389 1247 2468 excussit,
1261 2390 1304 2454 ita

271 2490 305 2539 ut
345 2497 400 2558 per
428 2477 639 2560 pavimentum
675 2474 925 2559 dispergerentur.
954 2475 1103 2540 Matrone
1132 2498 1217 2557 vero,
1242 2499 1302 2562 que

271 2563 487 2628 consolationis
502 2565 599 2648 gratia
620 2581 838 2644 convenerant,
852 2563 940 2647 super
954 2563 1082 2649 singulas
1107 2565 1218 2630 hostias
1236 2581 1303 2631 tan-

274 2673 366 2737 quam
391 2651 489 2716 stellas
510 2652 661 2716 radiantes
681 2651 833 2716 viderunt.
854 2651 944 2740 Quas
965 2652 1103 2719 sacerdos
1126 2676 1252 2738 gemens
1267 2677 1303 2719 ac

273 2740 379 2804 dolens
401 2741 432 2802 in
448 2740 583 2823 pixidem
604 2741 763 2824 recollegit
789 2740 819 2804 dt
843 2741 927 2804 abiit.
946 2740 1029 2804 Friso
1051 2763 1125 2806 vero
1146 2765 1164 2806 a
1184 2742 1303 2807 decano

273 2827 1303 2995 sslsss³itl32¹¹t.3tlftlstltsllllthtl‘shss

273 3002 404 3089 signatus
419 3026 491 3068 cum
506 3007 567 3068 iam
583 2941 666 3068 dilto
682 3004 837 3068 sacerdote
852 3006 944 3069 etiam
958 2942 1051 3069 druce
1060 3006 1174 3091 signato
1187 2943 1305 3070 migret

273 3093 418 3157 Romam.
433 3093 494 3159 cui
506 3094 651 3158 dominus
666 3093 822 3157 Honorius
838 3115 916 3177 papa
931 3094 1053 3179 culpam
1073 3095 1231 3160 confitenti
1248 3118 1304 3180 pro

275 3183 443 3267 penitentia
457 3182 599 3261 iniunxit,
614 3198 647 3245 ut
661 3203 745 3245 mare
770 3180 916 3262 transiret,
930 3184 1033 3267 ibique
1047 3184 1144 3250 tribus
1163 3188 1250 3250 annis
1275 3186 1305 3248 in

274 3275 365 3336 umis
381 3270 503 3336 Christo
518 3270 649 3334 serviret.
671 3269 758 3356 Quid
781 3270 888 3355 plura?
909 3272 1000 3346 Mare
1022 3274 1200 3338 transierunt
1213 3275 1305 3339 ambo

275 3360 305 3423 dr
319 3375 389 3424 ante
403 3358 582 3423 Damiatam
597 3361 710 3423 mortui
726 3359 793 3423 sunt
806 3361 907 3424 ambo.
921 3360 1046 3448 Quibus
1061 3363 1223 3443 defundis,
1233 3385 1305 3426 cum

275 3471 357 3514 anno
372 3451 482 3514 eodem
492 3448 650 3512 Dominus
658 3451 849 3534 provinciam
858 3449 1044 3531 terribiliter,
1054 3453 1306 3536 utsupradislum

276 3541 328 3619 est,
343 3536 539 3624 plagasset&
560 3538 647 3602 causa
664 3539 751 3624 plage
772 3540 923 3622 populum
945 3539 1061 3619 lateret,
1082 3558 1220 3605 matrone
1241 3543 1307 3604 cui·

276 3629 347 3690 darn
369 3626 457 3690 valde
478 3625 625 3710 religiose,
639 3625 780 3690 Domino
793 3629 924 3707 ieiuniis,
938 3629 1140 3710 orationibus,
1151 3631 1262 3715 vigiliis
1276 3629 1306 3692 dr

277 3713 475 3801 eleemosynis
498 3713 649 3795 servienti,
663 3732 827 3779 matertere
852 3715 997 3780 videlicet
1010 3718 1126 3780 domini
1147 3716 1304 3782 Witboldi

276 3803 393 3868 abbatis
415 3802 516 3868 saneti
544 3803 703 3884 Bernardi,
723 3805 810 3868 beata
825 3803 888 3868 Del
911 3805 1075 3886 Genetrix,
1089 3806 1223 3871 lacrimis
1241 3808 1306 3870 eius

278 3907 371 3973 mota,
386 3891 555 3977 populique
570 3893 699 3974 miserta,
714 3914 861 3978 apparens
873 3893 911 3956 sic
921 3897 983 3957 ait:
1000 3893 1156 3979 «Propter
1166 3897 1306 3959 iniuriam

280 4007 292 4039 ‹
308 3980 361 4066 lilij
375 3983 436 4044 mei
458 3982 489 4044 in
501 3980 722 4045 sacramentum
731 3985 874 4066 corporis
889 3983 954 4046 eius
966 3983 1090 4062 facturn,
1104 3983 1251 4047 submersa
1264 3982 1307 4047 est

281 4093 294 4128 ‹
310 4067 336 4132 F
337 4066 413 4148 rista,
427 4067 457 4131 dr
472 4068 571 4132 adhuc
585 4070 716 4154 amplius
732 4069 913 4153 plagabitur,
933 4067 954 4131 sr
971 4072 1124 4154 condigna
1142 4071 1309 4154 penitentia

282 4181 295 4216 ‹
309 4179 371 4221 non
384 4157 475 4220 fuerit
485 4156 646 4222 subsecuta
658 4184 670 4217 s
682 4159 729 4222 Ex
741 4159 853 4242 quibus
863 4158 963 4222 verbis
975 4159 1139 4244 colligitur,
1150 4160 1232 4245 quod
1245 4181 1308 4223 non

281 4245 377 4309 solum
394 4244 514 4330 pugilis,
538 4246 587 4309 sed
605 4247 822 4311 communibus
838 4247 944 4330 populi
960 4250 1092 4331 peccatis
1106 4249 1308 4332 exigentibus,

402 4386 422 4424 'l'
1164 4390 1197 4426 Μ
