3656 5648
544 430 603 522 68
658 429 894 559 Testimonio
917 429 957 520 in
980 427 1144 560 Magno
1165 427 1271 520 Brit.
1282 427 1465 556 scripto.

543 686 830 752 suerunt·Ranulfus
847 687 964 750 Ceslrie
979 685 1009 750 dr
1022 685 1205 749 Willelmus
1221 684 1349 772 Derbye
1364 688 1505 766 comites,
1519 688 1581 752 viri

543 774 699 839 strenui&
715 773 828 840 famosi.
844 773 985 855 loannes,
1000 798 1052 838 rex
1067 773 1231 840 Ierusalem
1247 776 1276 839 dr
1295 776 1357 838 dux
1372 775 1507 856 Austrie,
1520 798 1581 840 co·

543 867 676 928 adunato
690 865 825 927 exercitu
840 863 941 926 valido
957 887 994 926 ex
1009 862 1205 926 multitudine
1226 865 1456 947 peregrinorum
1478 866 1582 928 natio-

543 974 619 1016 nurn
633 953 828 1031 diversarum,
842 954 997 1015 civitatem
1014 951 1193 1015 Damietam
1208 951 1401 1016 obsederunt.
1422 953 1582 1036 Ceperant

543 1058 646 1104 autem
662 1043 742 1123 prius
758 1062 830 1102 cum
845 1040 947 1104 labore
960 1043 1095 1104 maximo
1111 1042 1218 1103 turrim
1239 1041 1393 1124 quandam
1418 1043 1582 1105 munitilli·

545 1151 626 1192 mam
640 1131 671 1191 in
686 1128 807 1191 alveolo
822 1129 955 1192 fluminis
971 1127 1064 1193 sitam.
1150 1123 1155 1134 ’

473 1270 531 1319 1²19
579 1256 647 1308 Urbe
659 1253 875 1326 lerosolymitana,
896 1253 953 1307 licet
971 1253 1171 1324 inexpugnabilis
1190 1255 1352 1320 uideretur,a
1373 1255 1512 1320 Coradino,
1525 1254 1580 1308 tilio
1595 1275 1620 1320 p·
1634 1270 1686 1315 ²0⁴

544 1333 679 1405 Saphadini
693 1347 768 1403 capta
790 1334 837 1386 eliz
855 1335 925 1386 cuius
943 1352 1028 1386 muros
1049 1352 1108 1387 cum
1128 1335 1238 1386 turribus
1260 1335 1349 1388 evertit
1371 1336 1396 1388 δι
1418 1335 1442 1388 in
1466 1335 1579 1404 lapidum

543 1431 646 1468 acervos
671 1413 778 1482 redegit:
804 1415 899 1483 templo
920 1427 1018 1466 tanturn
1039 1416 1062 1466 8ι
1082 1414 1141 1467 turri
1161 1415 1246 1468 David
1269 1415 1369 1480 detulit,
1392 1415 1581 1484 Dominicoque

544 1495 662 1564 sepulcro.
679 1495 794 1546 Credunt
814 1511 923 1562 namque
944 1495 1082 1546 Dominum
1105 1494 1187 1546 lesum
1203 1510 1324 1562 magnum
1341 1493 1414 1556 ‚fuine
1430 1495 1580 1564 prophetam

543 1576 566 1627 dt
580 1576 611 1627 de
626 1573 721 1642 virgine
734 1585 831 1638 natum,
846 1574 1009 1642 ingentiaque
1022 1572 1144 1626 miracula
1157 1571 1250 1638 secisse,
1259 1587 1334 1642 prout
1346 1573 1371 1626 in
1384 1592 1474 1628 eorum
1487 1574 1582 1642 legitur

542 1655 683 1706 Alcorano.
698 1652 828 1706 Christiani
840 1671 899 1704 vero
908 1654 933 1706 in
941 1653 1069 1706 obsidione
1080 1653 1200 1706 Damiate
1212 1655 1356 1723 frequenter
1365 1656 1454 1707 dantes
1464 1652 1579 1720 affultue,

543 1752 587 1803 per
608 1745 690 1785 totam
710 1733 811 1785 ellarem
833 1734 967 1802 plurimum
989 1733 1143 1800 laborantes,
1157 1732 1314 1802 proficientes
1334 1730 1423 1802 pirrum
1446 1746 1491 1786 aut
1509 1732 1579 1786 nihil.

430 1816 572 1884 Aug.291n
592 1814 632 1866 die
658 1830 717 1864 vero
746 1813 927 1864 Decollationis
949 1813 1025 1865 sandli
1051 1814 1150 1864 loannis
1173 1813 1295 1881 Baptiste‚
1323 1813 1454 1867 sarraceni
1470 1813 1579 1882 ,copiam

542 1893 655 1945 fecerunt
676 1910 768 1961 pugne,
786 1892 810 1944 in
828 1911 876 1961 qua
895 1892 969 1944 inulti
987 1892 1175 1944 christianorum
1192 1891 1288 1944 nobiles
1300 1891 1372 1944 occisi
1387 1893 1442 1944 stant
1458 1893 1481 1944 dt
1500 1891 1578 1962 capti.

543 1973 735 2041 superveniente
755 1989 815 2024 vero
835 1973 1023 2041 peregrinorum
1044 1971 1146 2038 auxilio,
1159 1987 1267 2040 quorum
1292 1969 1423 2022 Santicus
1440 1971 1473 2022 de
1493 1973 1581 2024 Malo-

444 2059 504 2108 Nor.
516 2073 529 2122 5
544 2061 630 2110 Leone
644 2066 695 2105 erat
707 2053 860 2120 capitaneus,
875 2050 1116 2120 reparaturobsrdio.
1131 2052 1211 2103 Nonis
1220 2068 1280 2102 vero
1293 2051 1444 2103 Novembris
1454 2065 1580 2104 annuente

543 2133 657 2188 Domino
679 2131 733 2183 Iesu
753 2129 849 2184 Christo
876 2129 1023 2182 &domino
1046 2128 1152 2198 Pelagio
1177 2128 1316 2182 Albanensr
1338 2129 1457 2198 episcopo
1480 2129 1581 2204 solerter
1593 2153 1615 2198 p.
1630 2147 1678 2196 ²05

542 2219 643 2288 agtnte,
661 2205 758 2280 capitur
781 2211 898 2262 Damiata
917 2212 943 2262 in
960 2211 1038 2262 oculis
1057 2199 1121 2278 regis
1143 2209 1294 2280 Babylonis,
1316 2205 1358 2277 qui
1379 2197 1580 2262 divi'no'terrore

542 2281 779 2363 percitsussrtffite‘s
797 2290 940 2342 christianos
955 2307 1024 2341 more
1041 2288 1162 2340 consueto
1180 2288 1285 2357 aggredi
1303 2305 1353 2340 non
1375 2289 1409 2340 est
1429 2289 1511 2341 ausus.
1535 2289 1580 2342 nst

542 2388 626 2426 autem
641 2370 761 2424 Damiata
774 2370 862 2422 civitas
877 2370 973 2439 Egypti
989 2369 1114 2420 maritima
1133 2368 1157 2420 in
1178 2382 1243 2420 terra
1264 2365 1358 2420 Gessen
1378 2368 1442 2420 inter
1461 2368 1580 2422 Ramelse

542 2457 566 2508 dr
581 2455 769 2520 Campotaneos
783 2450 834 2516 srta,
849 2450 1003 2503 antemurale
1016 2449 1094 2502 totius
1106 2449 1213 2518 Egypti,
1228 2447 1368 2518 Heliopolis
1382 2449 1450 2501 dieta
1462 2449 1531 2502 olim.

470 2554 530 2587 1220
581 2536 638 2585 Hoc
651 2547 717 2582 anno
730 2541 850 2597 ceperunt
862 2528 984 2582 christiani
998 2528 1124 2581 civitatem
1138 2528 1236 2599 Egypti
1247 2528 1331 2580 Tanis
1343 2545 1393 2580 non
1404 2529 1493 2582 minori
1505 2529 1579 2582 mira·
1592 2547 1615 2592 1³·
1627 2529 1676 2576 206

543 2611 608 2677 colo,
622 2627 698 2679 quam
713 2609 780 2676 prius
793 2622 911 2677 ceperant
925 2609 1082 2661 Damiatam.

583 2719 654 2782 Hoc
669 2741 749 2784 anno
770 2722 801 2783 in
823 2720 931 2783 itinere
954 2719 1203 2804 peregrinationis
1218 2717 1470 2802 lerosolymitane
1489 2717 1578 2781 Hen-

493 2841 494 2844 ¹
543 2808 624 2871 ricus
648 2810 686 2870 de
712 2807 801 2871 Boun
827 2807 1039 2872 Herfordensrs
1061 2809 1090 2872 dr
1115 2809 1211 2872 Saerus
1236 2807 1274 2870 de
1302 2806 1421 2894 Quinci
1447 2809 1576 2870 comites

543 2896 693 2959 obierunt.

471 3008 535 3075 1221*
579 3011 706 3104 l’ejlffl'ua,
718 3012 852 3081 apostolice
866 3013 928 3065 sedis
942 3012 1040 3082 legatus
1050 3013 1074 3065 in
1086 3013 1168 3065 Terra
1184 3013 1282 3079 Sancla,
1294 3011 1391 3064 inseslo
1405 3013 1575 3082 apostolorum
1592 3033 1614 3077 p.
1628 3014 1675 3062 208

438 3089 487 3136 lun.
499 3105 515 3137 a
545 3092 614 3143 Petn
628 3091 653 3143 dc
669 3091 742 3144 Pauli
756 3109 814 3143 cunr
836 3109 928 3160 magna
945 3105 1016 3161 parte
1031 3093 1153 3145 exercitur
1172 3093 1255 3145 versus
1271 3092 1430 3164 Babylonem
1443 3093 1578 3161 prosedlne,

530 3228 532 3242 ι
543 3172 647 3236 eumad
661 3171 743 3224 locum
753 3170 873 3237 medium,
883 3173 926 3224 ubi
939 3173 1010 3225 Nilus
1019 3173 1042 3225 in
1053 3172 1101 3224 tria
1112 3190 1205 3242 magna
1215 3172 1318 3224 flumina
1329 3173 1454 3240 scinditur,
1465 3172 1576 3239 venisset,

527 3245 531 3321 l
543 3263 670 3320 occupato
688 3265 773 3321 ponte,
792 3270 867 3321 quem
886 3253 927 3318 [de
946 3253 1060 3318 naribus]
1079 3253 1206 3304 Sarraceni
1224 3253 1419 3320 construxerant,
1433 3255 1457 3306 in
1476 3253 1578 3322 planitie

528 3328 631 3382 'littoris
646 3331 751 3383 tentoria
764 3330 806 3400 figi
818 3331 889 3384 inllit.
901 3333 1027 3384 Soldanus
1041 3333 1185 3384 christianos
1200 3331 1323 3384 ferventes
1336 3331 1385 3385 ell'e
1397 3335 1529 3386 attendent
1544 3331 1577 3383 ad

543 3427 654 3480 pugnam
670 3411 750 3464 noluit
762 3425 850 3480 aperto
864 3425 943 3463 marte
958 3411 1102 3482 confligere,
1115 3412 1155 3464 sed
1166 3425 1193 3464 ut
1203 3413 1338 3464 exercitum
1351 3412 1472 3483 affligeret
1486 3414 1578 3478 inedia,

542 3489 670 3560 prohibuit
682 3491 885 3560 apportationem
901 3491 1045 3544 vidlualium
1061 3493 1157 3544 viarum
1179 3493 1289 3544 aditibus
1310 3493 1420 3563 undique
1440 3494 1575 3546 custoditis.

542 3571 688 3639 Supervenit
701 3573 724 3622 tr
738 3571 870 3623 inundatio
883 3571 999 3640 Nilique
1013 3583 1093 3623 totam
1108 3585 1208 3636 terram,
1220 3571 1263 3624 ubi
1276 3584 1331 3624 erat
1340 3573 1462 3626 exercitus
1472 3572 1577 3626 Domini

542 3666 677 3719 occupans,
693 3650 771 3718 usque
789 3652 821 3702 ad
843 3667 953 3720 genuum
975 3651 1170 3720 profunditatem
1187 3652 1284 3703 resolvit
1302 3651 1326 3704 in
1346 3670 1457 3705 coenum.
1479 3653 1577 3713 Quibus

543 3729 614 3782 malis
635 3731 716 3783 coatti
745 3731 799 3781 sunt
822 3730 947 3782 christiani
969 3732 1010 3798 (ea
1034 3730 1157 3800 padiione,
1178 3733 1247 3801 quod
1266 3750 1323 3801 para
1347 3733 1429 3785 crucis
1452 3733 1578 3785 dominice

542 3827 618 3880 quam
638 3809 755 3862 soldanus
774 3809 911 3879 Babylonia
931 3811 955 3862 dr
974 3811 1092 3863 Damasci
1114 3812 1287 3880 asportaverat
1307 3814 1339 3865 de
1361 3813 1527 3883 [erosolymis,
1543 3813 1577 3864 eis

542 3891 695 3953 redderetur,
707 3889 920 3958 liberarenturque
932 3907 1020 3942 omnes
1038 3891 1161 3944 christiani
1174 3893 1277 3963 captivi,
1290 3895 1351 3945 dato
1372 3892 1439 3946 salvo
1451 3895 1577 3946 condudlu

489 4029 496 4041 1
542 3970 619 4040 usque
634 3972 753 4040 Achon)‚
768 3974 913 4026 Damiatam
931 3974 1058 4025 Saracenis
1076 3973 1188 4040 reddere,
1200 3973 1363 4042 induciasque
1378 3975 1403 4026 in
1419 3975 1477 4026 odio
1498 3991 1577 4026 annue

542 4051 652 4119 firmare,
666 4052 749 4121 sicque
768 4055 896 4116 Drmiam,
915 4068 989 4122 capta
1008 4072 1065 4105 cnm
1086 4051 1185 4121 sumptu
1204 4055 1314 4106 maximo
1331 4056 1355 4106 dt
1374 4053 1469 4119 labore,
1487 4056 1512 4106 dr
1535 4072 1578 4124 per

542 4149 635 4184 annum
659 4151 674 4184 a
696 4133 830 4184 christianis
851 4129 964 4202 possessa,
989 4133 1012 4184 in
1040 4134 1179 4187 Nativitate
1199 4133 1307 4203 Virginis
1326 4127 1434 4203 gloriose
1458 4137 1574 4186 Sarrace-

542 4230 632 4266 norum
645 4213 758 4266 dominio
771 4215 862 4267 iterum
877 4214 911 4266 est
922 4213 1037 4267 subietla.
