3716 5628
547 505 635 588 244
733 473 975 603 ‘Testimoniu
996 473 1037 564 in
1059 470 1187 565 ltalia
1197 472 1380 602 scripta.

472 750 530 796 1218
543 737 660 798 riorum
674 735 847 798 innumeras
862 735 1024 798 ordinavit.
1033 734 1129 798 Tunc
1144 733 1295 797 christiani
1307 733 1345 796 de
1359 734 1437 817 regis
1451 734 1482 798 ἃ
1496 735 1571 797 alio-

544 844 611 886 rum
625 823 749 886 confilio
765 824 794 887 δι
808 823 960 902 consensu,
982 825 1034 905 qui
1057 839 1196 906 preerant
1216 824 1371 901 exercitui,
1392 839 1426 885 ut
1446 822 1571 886 liberior

544 915 587 975 eis
603 926 719 994 pateret
734 913 770 972 ad
785 911 941 974 civitatem
956 909 1097 988 accessus,
1110 930 1286 993 expugnare
1301 926 1418 972 turrem
1431 911 1571 993 primitus

545 1001 752 1084 previderunt,
774 999 919 1082 &pretio
940 1020 957 1060 a
975 998 1000 1061 F
1002 1000 1161 1078 risonibus,
1182 1019 1241 1060 una
1255 998 1408 1061 condudia
1422 999 1572 1080 cochone,

544 1111 636 1172 quam
648 1105 772 1171 propter
784 1089 896 1172 ignem,
910 1110 1003 1171 quem
1017 1087 1061 1151 illi
1076 1091 1128 1170 qui
1144 1105 1229 1150 erant
1240 1089 1270 1149 in
1282 1087 1356 1149 turri
1372 1086 1469 1168 sepius
1481 1089 1573 1152 iacie-

543 1179 626 1256 bant,
639 1177 731 1239 coriis
747 1177 917 1240 morticinis
932 1174 1038 1240 &aliis
1053 1175 1223 1239 necessariis
1239 1175 1374 1258 undiquc
1388 1176 1572 1256 munierunt,

542 1267 623 1330 viros
638 1267 767 1329 audaces
783 1265 812 1328 ba
828 1264 998 1344 bellicosos,
1012 1266 1065 1348 qui
1081 1286 1135 1347 per
1149 1263 1256 1326 scalam
1272 1263 1404 1346 ligneam
1419 1262 1487 1328 satis
1502 1267 1572 1328 arti-

541 1353 643 1418 ficiose
658 1353 856 1435 compositam
868 1354 1015 1416 deberent
1026 1352 1228 1416 conscendere
1244 1369 1359 1416 turrem
1373 1351 1477 1434 ipsam,
1492 1355 1571 1416 ordi-

542 1441 734 1505 naverunt&
749 1442 913 1525 posuerunt
933 1442 965 1505 in
986 1463 1030 1505 ea.
1056 1441 1163 1528 Quam
1184 1462 1255 1504 cum
1267 1463 1321 1522 per
1335 1441 1464 1503 sluvium
1480 1441 1573 1505 duce-

542 1546 610 1595 rent
624 1531 727 1614 aliquo
742 1553 804 1592 non
816 1532 961 1610 obstante,
976 1529 1048 1593 hinc
1062 1529 1233 1592 Sarracenis
1247 1530 1319 1592 hinc
1331 1529 1498 1593 christianis
1513 1529 1573 1595 alta

542 1637 618 1680 voce
633 1617 835 1681 clamantibus
851 1617 940 1702 seque
954 1617 1080 1680 vicissim
1095 1616 1273 1679 ferientibus
1289 1614 1435 1678 iaculis&
1450 1615 1572 1699 sagittis,

542 1704 690 1784 volentes,
713 1706 765 1788 qui
781 1720 865 1768 erant
887 1707 917 1768 in
933 1705 1072 1768 cochone
1092 1704 1199 1766 scalam
1214 1705 1245 1766 in
1261 1705 1350 1767 turris
1365 1724 1478 1786 ponere
1494 1703 1573 1767 sum-

543 1793 659 1874 mitate,
681 1793 710 1856 bv
732 1816 788 1876 per
812 1794 895 1857 illam
917 1795 1128 1869 conscendere,
1152 1809 1244 1876 prout
1268 1795 1365 1855 fuerat
1388 1793 1574 1874 ordinatum,

543 1881 617 1941 dum
635 1881 804 1944 niterentur
819 1883 850 1942 in
865 1881 1054 1944 ascendendo
1069 1883 1126 1943 viri
1141 1882 1256 1944 cordati
1272 1880 1347 1944 alter
1361 1881 1490 1944 alterurn
1506 1900 1573 1962 pre-

543 1969 657 2048 venire,
681 1992 753 2034 mox
777 1972 807 2033 in
823 1987 920 2053 partes
934 1969 1011 2032 scala
1026 1969 1191 2047 constable,
1215 1967 1334 2031 loricati
1349 1967 1472 2047 milites,
1497 1970 1571 2049 proh

544 2054 646 2119 dolor!
669 2060 856 2138 ceciderunt,
870 2079 1001 2142 quorum
1016 2058 1096 2120 haud
1112 2056 1239 2119 dubium
1254 2056 1341 2119 estin
1356 2056 1459 2119 celum
1473 2057 1573 2119 anime

544 2143 710 2209 avolarunt
740 2146 781 2210 Et
803 2147 896 2210 nostri
922 2163 995 2210 tunc
1021 2144 1200 2228 imperfecto
1225 2145 1349 2228 negotio
1375 2141 1473 2207 tristes
1497 2143 1573 2224 sunt,

545 2229 707 2296 letantibus
719 2256 737 2296 e
748 2237 899 2297 contrario
911 2234 1093 2311 Sarracenis,
1108 2232 1144 2294 ad
1157 2232 1249 2295 castra
1260 2230 1384 2308 reversi,
1397 2253 1456 2294 nec
1471 2249 1572 2295 tamen

544 2318 721 2384 destiterunt
735 2345 752 2385 a
766 2325 873 2405 ceptis,
893 2324 967 2406 quin
984 2323 1080 2384 immo
1103 2321 1139 2382 ad
1155 2319 1335 2403 capiendam
1350 2335 1464 2382 turrem
1480 2321 1572 2404 ipsam

543 2407 754 2473 vehementius
766 2413 946 2474 animantur.
962 2409 1013 2472 Ad
1026 2430 1118 2492 quam
1129 2431 1201 2472 cum
1214 2429 1266 2492 per
1276 2430 1368 2494 aquas
1383 2410 1574 2487 accederent,

545 2497 672 2560 navibus
688 2497 718 2560 δι
737 2497 882 2561 scalarum
895 2499 1022 2581 ingeniis
1036 2497 1207 2580 geminatis,
1221 2499 1251 2561 δι
1266 2519 1319 2582 per
1334 2513 1441 2561 terram
1457 2501 1574 2576 darent,

546 2598 579 2646 ut
606 2600 758 2667 poterant,
789 2587 961 2670 frequentes
991 2585 1125 2665 insultus,
1153 2587 1255 2649 divina
1283 2586 1407 2650 dextera
1435 2587 1574 2663 faciente,

431 2695 533 2753 Augu,
547 2672 647 2734 mense
668 2675 797 2758 Augusti
819 2675 850 2736 in
875 2673 948 2738 festo
970 2675 1048 2737 beati
1073 2673 1283 2738 Bartholomei
1298 2674 1437 2758 apostoli,
1460 2691 1575 2736 turrem

547 2759 640 2842 ipsam
651 2763 860 2843 optinuerunt,
874 2763 967 2845 &qui
983 2764 1013 2824 in
1025 2785 1061 2824 ca
1072 2764 1187 2826 inventi
1203 2762 1269 2826 sunt
1279 2763 1387 2844 gladiis
1402 2763 1575 2826 occubuere
1852 2809 1853 2838 ,

548 2847 727 2928 nostrorum,
742 2851 919 2932 quibusdam
933 2851 1136 2915 nobilioribus
1150 2850 1304 2914 reservatis
1320 2851 1356 2913 ad
1372 2852 1476 2930 vitam,
1498 2873 1575 2934 quos
1852 2859 1853 2926 l

547 2958 599 3000 rex
610 2935 889 3002 lherosolimitanus
901 2939 1021 3002 vindos
1032 2940 1141 3001 Accon
1155 2939 1257 3022 dirigit
1268 2941 1299 3001 in
1311 2939 1438 3003 vidorie
1450 2936 1574 3022 signum
1852 2929 1853 3024 l

477 3047 535 3094 ms
589 3023 729 3178 Pelagips
749 3027 928 3091 Albanensrs
952 3026 1112 3111 episcopus
1133 3048 1151 3088 a
1173 3024 1343 3090 Brundusio
1365 3049 1437 3090 cum
1451 3024 1575 3110 Iacobo,
1589 3063 1610 3108 p.
1623 3059 1669 3107 339

548 3107 668 3176 comite
715 3116 812 3195 ndrie,
832 3117 965 3179 Romani
981 3119 1132 3180 exercitus
1152 3117 1289 3200 principe
1305 3117 1336 3180 in
1351 3117 1468 3200 Syriam
1483 3117 1575 3180 trans-

549 3203 645 3266 fretat.
668 3201 709 3266 Et
731 3219 803 3267 tunc
816 3205 958 3268 nonnulli
978 3227 1069 3268 cruce
1093 3204 1196 3287 signati
1212 3206 1250 3268 de
1265 3222 1344 3268 terra
1358 3205 1460 3268 Sandis
1476 3205 1575 3268 Bene-

548 3292 621 3356 dissi
647 3292 827 3357 &aliarum
853 3296 984 3377 partium
1010 3316 1026 3356 a
1051 3293 1164 3359 Gaieta
1187 3295 1320 3378 navigio.
1345 3292 1575 3357 lherosolimam

549 3398 673 3464 petunt;
694 3381 723 3444 br
738 3382 878 3465 prospere
893 3384 1104 3467 pervenientes
1119 3385 1240 3461 Accon,
1260 3384 1363 3446 audito
1380 3384 1417 3446 de
1432 3383 1575 3466 captione

548 3473 645 3550 turris,
659 3471 773 3534 vadunt
788 3469 848 3534 stne
863 3492 948 3535 more
963 3472 1100 3554 periculo
1116 3471 1302 3534 Damiatam.

476 3591 534 3639 1219
584 3561 674 3616 Christi
696 3562 819 3614 exercitus
839 3563 942 3616 fluvium
964 3563 1102 3616 transmeat
1114 3564 1243 3628 Damiate‚
1265 3563 1380 3633 &posita
1404 3561 1498 3616 civitati
1511 3561 1576 3614 obsr·
1588 3586 1609 3631 p.
1622 3581 1668 3629 340

548 3641 634 3706 dione,
653 3659 711 3694 cum
733 3642 847 3695 soldanus
870 3643 968 3712 fugiens
991 3656 1072 3696 merua
1092 3643 1165 3694 causa
1188 3643 1278 3696 relidlia
1300 3642 1412 3695 tentoriis
1433 3641 1457 3694 in
1478 3653 1574 3711 partem
1604 3663 1671 3725 geist·
1680 3665 1756 3726 pm

549 3721 652 3775 alteram
674 3721 803 3787 secesserit,
823 3723 877 3791 post
895 3724 987 3792 sirages
1001 3722 1128 3792 plurimas,
1148 3723 1202 3792 post
1215 3723 1326 3792 sumptus
1341 3721 1499 3791 multiplices,
1522 3722 1576 3790 post
1588 3677 1714 3786 (lsirtene,
1729 3729 1762 3786 v,

450 3810 534 3869 Nou5
549 3800 646 3854 labores
659 3803 683 3854 δι
695 3802 788 3854 damna
800 3803 931 3855 innumera
950 3803 1033 3856 mense
1045 3802 1196 3855 Novembris
1214 3801 1238 3854 in
1253 3801 1338 3871 vigilia
1352 3801 1419 3855 beati
1432 3799 1574 3854 confessoris
1638 3793 1717 3849 ¹4⁷9·)

549 3881 684 3946 Leonardi,
705 3881 815 3952 optinuit
832 3883 934 3935 tandein
955 3882 1061 3935 faciente
1075 3881 1179 3933 domino
1192 3882 1347 3949 Damiatam‚
1367 3881 1416 3933 hoc
1427 3880 1479 3950 ipso
1493 3881 1576 3933 Alba·

548 3960 614 4012 nensi
627 3961 744 4031 episcopo
758 3974 917 4031 procurante.
941 3961 1037 4013 Civitas
1049 3973 1134 4013 autem
1149 3961 1201 4031 ipsa
1213 3979 1286 4026 auro,
1308 3959 1432 4031 lapidibus
1454 3960 1576 4031 pretiosa,

548 4040 636 4111 pannis
645 4039 726 4093 sericis
736 4041 857 4110 rebusque
871 4039 960 4109 opimis
970 4040 1043 4109 plena
1056 4040 1156 4092 inventa
1169 4041 1212 4106 esi,
1225 4041 1257 4093 de
1270 4041 1361 4110 quibus
1376 4041 1470 4093 ditatus
1485 4040 1576 4095 Christi

547 4120 670 4173 exercitus
692 4119 765 4173 est&
791 4121 895 4192 Egyptij
919 4120 1025 4190 spoliati.
1050 4123 1090 4173 De
1115 4121 1255 4173 Sarracenis
1277 4138 1336 4173 vero
1360 4131 1431 4173 tanta
1453 4119 1520 4173 fassa
1542 4121 1576 4173 esi

548 4203 651 4270 strages,
664 4200 734 4270 quod
746 4200 880 4254 christiania
893 4200 949 4270 ipsis
962 4200 1092 4270 displicuit.
1115 4198 1210 4261 Tunc
1230 4197 1369 4262 soldanus
1390 4198 1450 4282 ipse
1473 4198 1575 4261 furore

549 4286 700 4368 accensus,
724 4281 828 4352 muroi
849 4285 951 4351 Terre
966 4285 1075 4352 Sandle
1096 4283 1279 4351 iherusalem
1302 4286 1393 4351 sterni
1417 4288 1454 4352 ad
1478 4286 1575 4349 solum
