3726 5628
561 497 643 610 148
691 495 935 625 ‘sestimonia
965 495 1008 586 in
1043 495 1265 588 Germania
1280 492 1464 618 finipto.

480 763 536 812 Mat
550 757 748 820 multitudine
758 754 942 840 srgnatorum
954 777 1038 820 mare
1049 755 1213 820 transeunt.
1227 755 1264 818 ln
1285 758 1367 819 maio
1378 757 1470 820 etiam
1481 758 1582 821 mense

478 863 536 909 ¹²¹7
550 865 643 908 naves
657 843 763 908 onuste
774 845 857 906 omni
874 859 1020 927 apparatu
1031 843 1211 908 vidualium
1222 845 1418 908 &armorum
1433 844 1472 908 de
1482 845 1583 908 diver·

550 935 585 998 srs
601 934 736 1016 partibus
758 932 966 1012 adventantes,
988 953 1157 1016 equoreum
1176 935 1233 996 iter
1254 931 1380 1017 ingresse
1399 932 1582 1016 &inportu
1655 955 1661 970 ’

550 1021 674 1105 Anglie,
689 1023 739 1085 cui
748 1042 863 1084 nomen
875 1019 1073 1100 Dormunde,
1087 1039 1146 1106 350
1156 1024 1339 1103 coadunate,
1352 1022 1493 1106 oppansis
1506 1021 1581 1086 velis

550 1111 608 1195 &7
621 1111 670 1174 dre
684 1111 891 1194 navigacionis
906 1109 956 1172 sue
968 1109 1163 1194 prosperante
1178 1108 1274 1174 Deo
1266 1131 1297 1173 ιιι
1313 1126 1438 1193 ροιιιιιιι
1452 1111 1582 1174 civitatis

530 1147 539 1277 l
553 1199 668 1264 Pharan
681 1199 901 1283 applicuerunt
914 1195 961 1262 lbi
972 1199 1100 1262 navibus
1111 1201 1215 1283 egreffi
1226 1199 1262 1262 ad
1276 1200 1420 1263 Sansium
1431 1197 1581 1264 Iacobum
1594 1233 1616 1279 p
1627 1230 1675 1279 ²39

527 1310 530 1329 ¹
529 1286 587 1352 ad
609 1305 727 1351 oratum
749 1303 889 1370 pergunt.
915 1285 1028 1371 Egreffl
1049 1289 1120 1350 inde
1141 1291 1179 1350 ad
1202 1288 1404 1351 Ulixibonam
1425 1289 1582 1351 civitatem

551 1377 707 1461 Yspannie
729 1391 943 1459 pervenerunt.
970 1376 1031 1438 Ubi
1055 1377 1128 1438 dum
1151 1397 1204 1458 per
1219 1376 1344 1460 aliquod
1360 1391 1481 1460 tempus
1495 1397 1583 1440 corn·

550 1482 704 1530 morantes
723 1467 751 1528 se
767 1480 946 1543 recrearent,
957 1464 1153 1527 instrumenta
1163 1465 1194 1528 δι
1205 1461 1342 1528 utensrlia
1356 1465 1482 1527 navium
1496 1486 1583 1548 repa-

550 1570 663 1633 rarent,
676 1555 837 1637 episcopus
858 1552 975 1635 prefate
989 1554 1120 1617 civitatis
1142 1573 1213 1616 cum
1229 1552 1373 1636 episcopo
1389 1551 1515 1638 Egrensr
1530 1575 1582 1617 eos

549 1639 708 1728 aggressus,
733 1641 850 1724 magnis
874 1642 1016 1724 precibus
1042 1641 1078 1704 ad
1105 1640 1293 1706 obsidionem
1318 1641 1450 1706 civitatis
1481 1641 1583 1705 Alkaz

548 1731 676 1794 nomine
687 1730 865 1792 invitabant.
881 1729 956 1792 Erat
970 1746 1072 1793 autem
1084 1729 1145 1813 ipsa
1159 1731 1266 1792 civitas
1281 1731 1311 1791 in
1324 1728 1460 1792 confinio
1475 1749 1583 1791 eorum

550 1821 636 1902 supra
650 1839 731 1880 mare
752 1815 815 1896 sua,
837 1819 969 1881 turribus
984 1817 1014 1882 δι
1029 1818 1269 1902 propugnaculis
1289 1817 1455 1898 fortiffima‚
1478 1818 1584 1901 inqua

550 1906 701 1991 predones
723 1905 837 1969 scilicet
861 1905 1015 1969 Sarraceni
1038 1922 1278 1987 commorantes,
1301 1907 1445 1970 inauditis
1459 1905 1583 1968 calami-

549 1995 661 2058 tatibus
685 1993 862 2057 &miseriis
887 2009 967 2056 terra
990 1995 1129 2076 marique
1154 1993 1333 2058 christianos
1359 1993 1583 2077 opprimebant.

493 2121 501 2142 .
550 2082 607 2146 Sed
630 2083 703 2144 dum
726 2081 828 2166 plures
848 2104 911 2145 non
926 2081 1144 2167 aquiescerent,
1163 2081 1211 2146 sed
1228 2099 1353 2167 ceptum
1368 2084 1425 2145 iter
1440 2101 1584 2165 peragere

550 2173 577 2234 le
591 2173 783 2249 affirmarent,
794 2169 986 2233 Willrelmus
998 2191 1102 2234 comes
1115 2171 1293 2251 Hollandie,
1308 2171 1467 2254 Georgius
1478 2191 1584 2234 comes

551 2262 589 2323 de
602 2261 714 2323 Withe
734 2281 807 2322 cum
831 2259 886 2324 180
908 2259 1036 2323 navibus
1058 2261 1099 2323 ibi
1115 2259 1332 2340 remanserunt,
1357 2258 1482 2344 reliquis
1497 2279 1583 2323 rece·

452 2372 495 2420 lut
505 2385 533 2420 21
551 2349 702 2412 dentibus.
724 2348 842 2413 Civitas
861 2351 892 2412 in
914 2348 987 2412 sesto
1006 2349 1107 2412 sandie
1121 2348 1263 2413 Praxedis
1277 2350 1404 2433 virginis
1419 2347 1584 2428 obsidetur,

549 2437 692 2499 machina
716 2437 849 2501 maxima
872 2438 910 2500 de
934 2437 1068 2500 trabibus
1092 2438 1216 2500 navium
1238 2437 1411 2517 fabricatur,
1433 2435 1583 2520 magnelle

549 2542 619 2587 ante
639 2541 742 2608 portas
756 2525 959 2589 collocantur.
988 2525 1133 2608 Princeps
1157 2526 1289 2588 civitatis
1313 2525 1440 2588 nomine
1466 2525 1584 2604 Albira,

548 2613 660 2677 veritas
674 2615 830 2676 excidium
843 2615 986 2694 civitatis,
1006 2635 1077 2676 nam
1099 2614 1197 2697 sepius
1218 2615 1377 2677 audaciam
1390 2659 1583 2678 .........

502 2699 505 2710 '
588 2700 667 2765 Item
683 2701 873 2766 Wilbelmus
894 2723 999 2766 comes
1014 2702 1181 2767 Hollandie
1200 2703 1231 2767 dc
1246 2704 1402 2788 Georgius
1422 2724 1528 2766 comes
1546 2701 1584 2762 de

548 2791 646 2854 Wide
661 2813 732 2854 cum
747 2792 813 2854 aliis
828 2813 919 2855 cruce
934 2789 1055 2875 signatis
1066 2791 1226 2880 Teutonis
1241 2795 1278 2856 ad
1290 2793 1426 2858 Terram
1441 2792 1584 2855 Sanam

549 2881 672 2964 navigio
688 2877 838 2963 proficisci
851 2878 1101 2960 desiderantibus,
1114 2881 1203 2963 super
1217 2901 1314 2944 uuum
1328 2883 1366 2944 de
1381 2880 1583 2944 nobilioribus

549 2983 628 3030 terre
638 2967 749 3070 fluviis,
763 2968 891 3031 fluvium
903 2968 1025 3032 Mosam
1026 2986 1221 3052 ,congregati
1214 2970 1301 3032 sunt
1310 2970 1391 3052 apud
1407 2969 1582 3052 Vlerdinge

435 3077 485 3127 Ma·
487 3115 493 3127 ,
478 3094 536 3142 ²9
550 3057 705 3140 Quarto
697 3057 790 3139 rgitur
804 3057 886 3120 kalf
879 3060 954 3142 runij
971 3057 1099 3141 prodisti
1117 3060 1269 3140 peregrini
1286 3058 1313 3120 se
1329 3058 1358 3120 tr
1373 3058 1423 3121 sua
1437 3057 1481 3120 illi
1496 3079 1583 3121 com·

549 3146 738 3225 mendantes,
761 3148 811 3208 cui
833 3145 924 3210 estin
943 3147 1123 3209 vestimento
1144 3146 1173 3210 δι
1195 3147 1311 3209 femore
1332 3147 1494 3228 scriptum:
1519 3146 1584 3208 Rex

549 3259 666 3318 regnum
676 3239 710 3300 &
721 3237 861 3300 Dominus
871 3237 1069 3301 dominantium
1082 3239 1108 3317 (1
1122 3235 1210 3300 Tim.
1222 3255 1264 3316 vl,
1280 3237 1337 3318 15),
1352 3232 1493 3319 oppansus
1507 3234 1582 3299 velis

549 3325 602 3388 leti
617 3347 701 3388 mare
716 3324 932 3387 conscendunt.
955 3323 1065 3408 Sitque
1080 3325 1111 3388 in
1127 3323 1257 3409 pulchro
1272 3325 1421 3388 comitatu
1435 3324 1582 3387 sulcantes

463 3435 664 3499 run.1equ0ra
685 3417 715 3477 in
736 3413 796 3477 kal.
818 3415 892 3498 iunij
915 3413 1070 3498 applicant
1091 3414 1120 3478 in
1137 3415 1251 3498 Anglia
1264 3417 1344 3498 apud
1361 3413 1581 3478 Dertmundin.

460 3524 534 3584 1un.5
549 3503 662 3566 Tertio
684 3525 780 3568 nonas
805 3503 894 3566 huius
915 3501 1023 3566 mensis
1046 3502 1119 3564 hinc
1140 3503 1317 3566 recedentes
1340 3503 1520 3586 perveniunt
1543 3504 1580 3564 ad
1631 3557 1635 3563 .

551 3611 632 3652 mare
643 3592 879 3669 Brittannicurn,
894 3591 945 3653 ubi
961 3591 1039 3653 inter
1052 3611 1143 3674 rupes
1156 3591 1185 3653 in
1198 3593 1274 3654 mari
1286 3592 1414 3656 latentes
1425 3591 1582 3654 consradia

550 3678 593 3741 est
614 3681 700 3742 navis
721 3681 759 3741 de
785 3679 962 3742 Munheim.
986 3676 1062 3741 Inde
1083 3678 1239 3763 applicant
1258 3681 1289 3743 in
1305 3679 1476 3742 Brittannia
1500 3678 1579 3762 apud

550 3767 695 3830 sanetum
707 3767 872 3830 Matheum
887 3770 917 3829 in
932 3767 1044 3832 finibus
1054 3784 1209 3846 terrarum,
1225 3768 1308 3850 quod
1323 3767 1439 3852 vulgari
1454 3769 1580 3831 nomine

550 3853 575 3918 F
578 3855 766 3938 ineposterne
782 3857 902 3920 dicitur.
922 3857 1006 3919 Hinc
1027 3857 1209 3938 perveniunt
1232 3857 1269 3917 ad
1291 3872 1415 3939 portum
1437 3855 1534 3919 Pharo
1550 3858 1580 3919 in
1594 3879 1674 3929 p.a40

550 3966 646 4028 regno
668 3943 860 4028 Legionensr.
886 3942 933 4007 Ibi
957 3966 1050 4008 naves
1074 3944 1211 4027 inportu
1228 3944 1446 4029 relinquentes,
1472 3960 1581 4029 petunt

550 4033 656 4098 limina
676 4033 797 4119 gloriosi
820 4034 947 4117 apostoli
969 4031 1073 4098 Iacobi
1099 4035 1129 4096 in
1144 4033 1354 4117 Conpostella.
1379 4032 1457 4098 Item
1473 4035 1580 4118 prefati

446 4141 536 4203 Iunzp
549 4145 641 4188 cruce
663 4121 768 4208 srgnati
795 4125 825 4187 in
844 4125 987 4208 martyrio
1010 4123 1171 4188 beatorum
1186 4121 1310 4186 Petri&
1326 4121 1412 4186 Pauli
1426 4145 1519 4187 naves
1534 4125 1580 4186 in-

551 4229 639 4294 trant,
654 4233 735 4276 mare
750 4211 925 4292 ascendunt,
945 4212 997 4275 ubi
1012 4227 1079 4275 orta
1100 4212 1276 4296 tempestate
1291 4211 1434 4275 sevissima
1447 4211 1580 4296 separate
