3716 5628
566 525 654 650 258
743 524 990 655 ‘Testimonio
1011 525 1052 618 in
1079 517 1218 616 Gallia
1229 519 1412 648 scripta.

486 806 542 842 saar
563 792 609 846 ubi
637 810 721 846 ramus
739 794 890 864 Tampneos
913 812 928 846 a
950 810 1021 845 ramo
1043 791 1166 846 Damiate
1187 790 1318 855 dividitur,
1334 789 1366 842 de
1389 789 1482 858 quibus
1501 791 1545 844 lib.
1566 793 1589 856 l,

561 886 625 944 part.
640 877 661 940 1,
681 892 738 944 cap.
753 875 788 940 11,
802 873 907 928 fecimus
922 875 1082 927 mentionem.
1097 873 1125 925 In
1137 873 1243 926 sedlione
1257 871 1332 941 igitur
1341 873 1448 925 duorum
1459 872 1590 926 lluminum

560 955 640 1007 casira
668 954 756 1008 metati
782 955 838 1008 sunt
863 955 992 1024 castraque
1019 973 1049 1007 ex
1067 966 1173 1022 utraque
1196 965 1266 1022 parte
1292 951 1370 1005 foveis
1400 953 1517 1006 muniere.
1536 954 1590 1005 Iam

560 1034 676 1088 Saraceni
690 1053 719 1088 ex
732 1033 843 1088 ulteriori
856 1034 910 1106 ripa
922 1033 1041 1099 fluminis,
1054 1051 1070 1086 a
1082 1033 1198 1103 captione
1210 1033 1338 1099 Damiate,
1351 1032 1499 1102 citra&ips1
1512 1035 1591 1087 cestra

558 1115 648 1169 metati
669 1115 734 1182 sunt,
752 1114 833 1167 multa
846 1114 989 1166 habitacula
1005 1114 1184 1178 construentes,
1196 1110 1337 1165 edificatam
1351 1129 1452 1181 quoque
1463 1112 1590 1166 civitatem

557 1211 650 1248 novam
664 1194 812 1247 Damiatam
823 1206 984 1248 vocaverunt.
999 1194 1079 1264 Igitur
1088 1211 1145 1248 curn
1155 1192 1279 1245 christiani
1294 1192 1328 1245 ibi
1344 1193 1411 1262 quast
1423 1211 1468 1263 per
1481 1193 1590 1246 mensem

558 1273 698 1328 mansrll'ent
717 1275 830 1344 mlrilque
843 1286 957 1344 agerent,
975 1273 1118 1327 victualium
1132 1285 1272 1326 metuentes
1293 1272 1414 1342 inopiam,
1437 1272 1499 1343 quia
1520 1274 1592 1325 Sam-

557 1355 613 1408 ceni
626 1357 658 1409 de
673 1356 748 1409 tertio
761 1373 843 1422 ramo,
854 1355 898 1425 qui
911 1354 1001 1409 Rolith
1017 1355 1119 1420 dicitur,
1131 1373 1174 1425 per
1196 1354 1331 1424 caliginem
1350 1371 1437 1419 unum,
1456 1355 1467 1420 j
1481 1351 1590 1415 alveum,

557 1453 609 1505 quo
623 1446 715 1489 terram
737 1436 829 1506 rigant,
851 1434 937 1505 galeas
949 1436 982 1488 ad
996 1453 1094 1488 ramum
1105 1433 1225 1488 Damiate
1246 1434 1403 1500 induxerant,
1420 1431 1590 1503 prohibentes,

558 1532 589 1568 ne
601 1515 733 1568 christiano
748 1514 868 1569 exercitui
880 1515 994 1568 victualia
1013 1527 1186 1585 portarentur;
1199 1515 1286 1567 habita
1296 1513 1485 1579 deliberatione,
1493 1511 1590 1582 eligunt

557 1592 652 1647 secreto
665 1595 746 1648 redire
758 1598 782 1650 ds
795 1598 827 1650 de
840 1597 893 1649 sero
905 1597 984 1649 castra
998 1607 1140 1650 moverunt.
1157 1599 1216 1648 lloc
1228 1611 1278 1648 non
1295 1594 1368 1647 latuit
1390 1596 1535 1659 Saracenos,
1549 1593 1589 1645 sed

558 1682 612 1725 tota
624 1676 698 1728 nodie
712 1675 808 1746 sagittis
820 1675 934 1730 afficiunt
946 1676 1069 1746 populum
1090 1673 1264 1743 christianum
1279 1675 1311 1727 src
1327 1678 1472 1727 coircentes
1493 1673 1589 1726 fluxum

556 1771 688 1824 aquarum,
711 1767 739 1808 ut
762 1756 860 1809 summo
881 1775 963 1822 mane,
976 1757 1108 1826 postquam
1129 1774 1173 1825 per
1190 1767 1240 1809 tres
1261 1756 1345 1808 leucas
1368 1753 1544 1824 processerant,
1565 1753 1590 1806 se

557 1834 696 1888 invenirent
719 1854 785 1906 aqua
806 1849 948 1905 preventus,
967 1836 1120 1906 minimeque
1141 1835 1259 1907 progredi
1284 1835 1413 1903 valerent,
1429 1836 1490 1904 quin
1513 1833 1589 1887 etiam

557 1914 694 1968 multorum
719 1917 841 1986 tangebat
870 1934 963 1987 genua,
993 1916 1130 1987 amisitque
1154 1917 1210 1969 sunt
1234 1916 1352 1970 vidualis
1378 1917 1402 1967 ἃ
1432 1913 1590 1983 supellectilia

558 1993 679 2048 universa.
694 1995 790 2065 Atqui
814 1996 887 2050 inira
907 2015 957 2050 non
975 1997 1086 2050 continet
1119 1994 1298 2050 misericordias
1324 1996 1387 2060 suas,
1415 1997 1496 2059 Deus,
1522 1993 1589 2048 fatto

557 2073 644 2126 dixisse
658 2073 756 2127 videtur
776 2075 809 2129 de
828 2075 938 2129 exercito
960 2075 1105 2130 christiano:
1125 2077 1152 2128 ii
1162 2075 1263 2145 populm
1276 2093 1342 2128 meus
1356 2073 1513 2140 audrffetme,
1527 2073 1589 2143 ſsia

558 2153 612 2206 viis
630 2153 689 2206 meis
710 2154 861 2223 ambusaffet,
880 2155 1019 2224 pronihilo
1030 2156 1138 2225 fhrſstan
1150 2155 1257 2209 immicos
1278 2173 1360 2209 mrum
1372 2153 1541 2222 humiliaffem,
1563 2153 1591 2205 ὅ

551 2232 629 2302 super
651 2234 798 2290 tribulantes
822 2253 861 2289 eos
884 2235 988 2303 missffem
1010 2253 1111 2288 manum
1136 2253 1215 2288 meam
1239 2235 1345 2304 (Psalm.
1372 2249 1453 2298 cxxx,
1478 2234 1532 2304 rs).
1554 2235 1589 2286 Et

558 2312 681 2382 quianon
695 2317 778 2386 arguit
791 2315 816 2367 in
829 2316 922 2381 surore,
943 2315 1052 2384 gratiam
1067 2314 1180 2380 contulit,
1194 2326 1220 2368 ut
1234 2316 1258 2366 in
1272 2327 1344 2368 tanto
1358 2313 1500 2367 discrimine
1511 2313 1589 2382 usque

558 2394 590 2445 ad
603 2411 682 2446 annos
695 2396 754 2449 oslo
768 2407 888 2466 treuguas
900 2395 1036 2463 firmarent,
1057 2395 1126 2448 salvis
1149 2395 1335 2448 christianorum
1345 2394 1455 2463 personis
1468 2393 1589 2458 derebus,

558 2473 709 2544 redditisque
723 2473 838 2546 captiuis,
857 2476 906 2528 srre
923 2476 947 2527 in
962 2475 1037 2529 sortia
1052 2474 1131 2528 essent
1143 2474 1245 2539 soldani,
1258 2475 1306 2527 srve
1320 2473 1372 2526 eius
1385 2472 1427 2541 filij
1442 2472 1588 2538 Conradini,

558 2551 655 2623 insuper
668 2553 770 2607 adiediis
789 2553 937 2607 victualibus
951 2555 974 2606 δι
992 2555 1126 2607 condudlu.
1142 2553 1274 2607 Christiani
1287 2571 1347 2607 vero
1361 2553 1515 2618 MCCXXl,
1528 2551 1587 2603 red·

558 2632 675 2687 diderunt
685 2633 842 2698 Damiatam,
851 2634 1003 2703 cunctosque
1012 2633 1136 2705 captivos.
1148 2631 1196 2688 Per
1206 2633 1350 2686 christianos
1363 2645 1449 2686 autem
1462 2631 1586 2684 mensibus

560 2721 658 2764 tantum
673 2711 732 2764 odio
745 2712 866 2765 Damiata
881 2723 977 2766 retenta
987 2713 1027 2766 est.

890 3011 965 3083 182.
994 3010 1159 3080 Annnnn
1184 3009 1266 3098 Dm,

852 3213 981 3280 Cronico
998 3213 1107 3306 sanese
1132 3223 1284 3292 (-1328).

835 3435 983 3502 [Muratori
996 3439 1037 3488 SS.
1052 3439 1099 3489 RR.
1113 3435 1200 3502 Italic,
1214 3449 1231 3488 t.
1246 3440 1313 3503 XV.]

1066 3612 1085 3656 3

488 3834 546 3881 1218
604 3805 687 3870 1218.
703 3805 797 3868 Andri
818 3805 924 3868 messer
945 3804 1054 3870 Guido
1076 3804 1124 3867 del
1147 3803 1268 3888 Palagio
1284 3805 1361 3868 oltre
1385 3825 1467 3869 mare
1480 3807 1528 3868 co’
1541 3807 1583 3889 gli
1598 3823 1643 3870 cot
1655 3837 1727 3872 soar

560 4003 577 4044 e
600 3983 631 4044 su
654 3983 736 4065 presa
756 3982 785 4045 la
806 3982 879 4047 citat
900 3984 931 4044 di
953 3982 1130 4046 Dammiata
1152 3983 1199 4045 da'
1223 3983 1353 4046 cristiani
1380 3983 1407 4046 al
1430 4000 1534 4066 tempo
1553 3985 1582 4046 di

560 4093 637 4153 papa
652 4071 789 4134 Urbano.
