3656 5648
553 559 630 620 102
721 525 961 656 ‘leslimoniu
984 527 1023 617 in
1052 525 1193 618 Gallia
1205 526 1389 655 scripto.

473 793 532 842 rari
543 789 717 860 prenominato
729 788 818 854 castro,
835 787 948 858 subsequi
968 805 1018 840 non
1031 799 1148 856 poterant
1160 787 1294 841 exercitum
1308 788 1385 857 usque
1405 787 1438 842 ad
1456 789 1496 842 sex
1514 788 1569 843 dies

543 869 577 918 ab
590 867 658 920 exitu
668 869 701 921 de
713 882 787 938 portu
799 869 905 922 Athon.
925 868 1002 922 Multi
1012 869 1097 934 etiam,
1107 868 1151 937 qui
1162 868 1287 937 preparati
1295 885 1346 920 non
1354 880 1424 920 eram
1435 869 1460 922 δι
1470 885 1568 922 moram

542 945 722 1016 aliquantulum
740 948 851 1002 lecerant
862 949 930 1017 apud
945 947 1040 1000 Aclron
1053 947 1106 1017 posl
1126 948 1220 1018 primos
1234 947 1381 1017 navigantes
1399 960 1444 1001 aut
1462 948 1569 1004 omnino

541 1026 718 1094 remanserunt,
728 1041 772 1081 aut
785 1029 808 1082 ri
818 1040 952 1082 ventorum
966 1026 1051 1098 repulsi
1062 1027 1118 1080 sunt
1130 1026 1153 1078 ln
1167 1027 1271 1092 Achon,
1280 1038 1324 1079 aut
1334 1045 1379 1097 per
1391 1039 1442 1079 tres
1455 1027 1494 1080 rel
1503 1046 1567 1098 qua-

541 1117 598 1158 tuor
607 1107 779 1161 hebdomadas
793 1109 877 1162 iadlati
887 1126 929 1178 per
938 1125 1006 1160 mare
1016 1125 1113 1160 moram
1126 1107 1247 1159 fecerunt.
1264 1109 1331 1160 Cum
1344 1120 1429 1160 autem
1442 1107 1566 1177 quesitum

421 1215 427 1222 -
541 1183 601 1238 ell'et
614 1189 648 1239 ab
660 1187 802 1240 hominibus
815 1205 858 1258 per
868 1187 990 1253 ordinem,
1000 1186 1059 1256 quid
1074 1187 1155 1239 l'acere
1167 1187 1269 1251 debent,
1280 1186 1304 1238 dt
1315 1187 1420 1256 quidam
1431 1187 1566 1240 suaderent

540 1265 656 1332 reditum,
675 1285 705 1320 ex
721 1285 772 1338 quo
788 1267 911 1337 capitanei
934 1284 985 1320 non
1005 1267 1147 1332 veniebant,
1169 1265 1231 1318 dixit
1254 1265 1415 1319 Nicbofienlis
1435 1267 1566 1338 archiepis·

540 1363 628 1416 copus,
638 1347 707 1415 quod
723 1349 818 1400 bonum
831 1344 899 1411 esset,
914 1345 930 1399 li
945 1345 1024 1398 elebio
1038 1345 1172 1416 capitaneo
1184 1345 1269 1414 aliquo
1281 1346 1313 1396 ad
1327 1357 1418 1397 terram
1432 1345 1567 1400 descende·

540 1443 623 1480 remus
637 1428 781 1496 capitaneos
794 1427 829 1479 ibi
844 1427 1022 1497 exspeblantea.
1044 1431 1139 1480 Omnes
1157 1426 1374 1478 concordaverunt
1390 1425 1447 1478 huic
1465 1426 1566 1481 consilio

538 1505 563 1556 it
577 1505 643 1559 saslo
656 1506 790 1576 capitaneo
807 1505 899 1559 comite
919 1506 952 1558 de
971 1507 1116 1574 Sareponte,
1134 1503 1300 1574 applicuimus
1319 1506 1352 1556 ad
1370 1515 1473 1573 portum
1491 1503 1565 1556 maris

539 1585 702 1651 Damiate‚&
720 1585 832 1638 hollilem
849 1597 941 1638 terram
964 1585 1075 1654 cepimus
1093 1583 1140 1636 sine
1157 1583 1281 1654 sanguinis
1292 1584 1413 1652 impensa,
1429 1594 1565 1652 antequam

538 1681 581 1717 rex
593 1666 616 1718 dt
629 1666 670 1732 alij
686 1666 773 1730 duces,
785 1666 827 1735 qui
841 1679 911 1718 erant
924 1667 948 1718 in
962 1665 1049 1734 galeis,
1063 1664 1277 1732 subsequerentur.

574 1745 698 1798 Referunt
717 1758 803 1798 autem
822 1745 935 1813 quidam,
962 1746 1031 1816 quod
1052 1761 1110 1796 cum
1133 1744 1206 1813 pauci
1224 1743 1339 1796 Saraceni
1359 1743 1454 1814 equites
1479 1760 1566 1796 sacur-

538 1837 618 1877 rerent
639 1825 671 1877 ad
691 1837 800 1894 portum,
818 1824 887 1878 Friso
903 1824 1006 1894 quidam
1030 1823 1081 1877 lixo
1096 1824 1200 1877 dextero
1219 1841 1288 1893 genu
1303 1824 1327 1876 in
1340 1825 1453 1888 terra‚&
1475 1822 1565 1876 linissra

538 1919 613 1956 manu
635 1903 810 1956 circumferens
826 1904 914 1957 ancille
934 1904 1022 1956 dextra
1041 1904 1160 1973 spiculum
1185 1903 1299 1956 vibrabat
1319 1902 1440 1957 ferreum:
1460 1901 1565 1956 intuitus

537 1982 572 2035 esl
590 2000 647 2036 eum
673 1986 809 2037 Saracenos
828 1983 969 2036 existimans
987 2001 1044 2036 eum
1064 1983 1157 2048 ludere,
1173 1983 1214 2036 sed
1230 1983 1311 2036 subito
1330 2001 1406 2052 eques
1427 1999 1484 2036 cum
1498 1999 1566 2051 equo

538 2061 663 2130 percuffus
675 2063 769 2116 corruit
787 2064 925 2128 interram,
944 2062 1097 2132 fugientibus
1113 2062 1167 2114 aliis
1180 2063 1277 2130 absque
1288 2063 1357 2115 omni
1375 2061 1564 2132 impedimento.
1654 2080 1664 2094 ‘

537 2141 712 2195 castrametati
727 2143 782 2196 sunt
794 2143 915 2196 christiani
929 2142 993 2195 inter
1005 2143 1074 2196 littus
1088 2143 1162 2194 maris
1176 2143 1200 2195 st
1214 2143 1294 2212 ripam
1310 2141 1420 2196 fluminis
1433 2141 1492 2206 Nili,
1505 2159 1564 2196 cum

536 2220 700 2272 admiratione
716 2237 810 2290 magna
824 2221 1034 2290 subsequentium,
1050 2221 1182 2291 quomodo
1191 2221 1300 2274 tentoria
1309 2220 1359 2274 fura
1372 2221 1495 2273 viderunt
1506 2222 1565 2274 Hoc

536 2299 601 2352 enim
615 2299 728 2353 mirabile
741 2300 800 2353 fecit
815 2301 951 2367 Dominus,
968 2301 1036 2370 quod
1049 2300 1074 2352 in
1088 2301 1169 2371 primo
1179 2300 1289 2353 adventu
1303 2317 1369 2369 aqua
1381 2299 1489 2352 fluminis
1502 2317 1565 2354 oon-

534 2377 617 2432 iuniia
631 2379 702 2445 mari,
722 2380 801 2434 dulcis
816 2381 986 2433 hauriebatur.
1007 2381 1117 2433 Modico
1138 2393 1250 2449 tempore
1263 2380 1318 2450 poli
1336 2382 1473 2433 adrentum
1485 2380 1564 2434 cbris-

534 2457 659 2512 tianorum
677 2458 801 2513 satisfuit
815 2459 916 2532 eclypsis
940 2459 997 2512 lune
1010 2460 1061 2512 sere
1073 2460 1203 2528 generalis,
1220 2477 1297 2529 quam
1318 2472 1406 2512 contra
1425 2461 1561 2516 Saracenos

536 2537 690 2608 interpretati
713 2539 768 2592 sunt
784 2538 851 2610 quali
872 2540 1063 2608 protendentem
1087 2556 1174 2592 eorum
1196 2539 1334 2604 desedium,
1358 2539 1401 2609 qui
1421 2538 1464 2591 libi
1477 2541 1562 2594 lunam

535 2617 683 2684 attribuunt,
703 2617 728 2669 in
747 2617 902 2670 incremento
918 2619 1115 2670 &decremento
1133 2617 1191 2671 lune
1214 2617 1257 2670 fibi
1277 2635 1396 2688 magnam
1409 2619 1460 2672 rim
1481 2619 1563 2690 impo-

536 2708 631 2748 nentes.

689 2875 708 2941 8
710 2897 742 2959 5.v
753 2877 802 2939 De
815 2877 980 2968 quibusdam
993 2879 1171 2944 incidentibus
1184 2880 1259 2944 illius
1273 2883 1409 2964 temperis.

570 3055 661 3124 quue
681 3066 795 3124 ternpore
808 3057 897 3108 Petrus
912 3055 1050 3109 Pariliensre
1062 3058 1087 3109 dc
1099 3057 1219 3110 Galterus
1238 3057 1376 3112 Heduenfis
1393 3060 1418 3112 dt
1439 3060 1561 3114 lordanus
1575 3071 1776 3135 Albefimqua.
1823 3123 1824 3136 ,

534 3133 700 3201 Lemniensis,
722 3133 846 3188 Henricus
865 3152 967 3205 quoque
985 3153 1070 3189 comes
1097 3136 1251 3190 Nivernenfis
1273 3139 1297 3191 tr
1320 3139 1457 3192 Gualterus
1478 3157 1563 3194 came·
1575 3134 1698 3196 (ἶν’-33»
1707 3141 1778 3196 ml
1823 3145 1824 3184 l

534 3214 613 3267 rarius
636 3217 790 3267 Francorum
810 3215 875 3285 regis
893 3217 916 3267 δι
934 3217 1022 3268 iterius
1034 3217 1067 3269 de
1080 3217 1231 3270 Thociacho
1243 3216 1334 3288 aliique
1348 3219 1419 3271 multi
1435 3220 1560 3274 baronum
1573 3213 1596 3260 Ρ·
1605 3197 1660 3258 ⁹⁰⁸·

534 3311 591 3346 cum
605 3295 698 3363 populo
711 3294 813 3364 copioso
826 3295 873 3348 iter
885 3296 1005 3366 arripiunt
1015 3297 1218 3350 transmarinum.
1234 3299 1289 3350 Rea
1300 3297 1418 3368 liquidem
1429 3301 1561 3370 Htrngarie

534 3374 621 3427 &dux
633 3375 736 3428 Austrie
754 3393 821 3427 anno
837 3376 979 3445 precedenti
997 3376 1217 3430 transfretaverunt
1230 3380 1255 3431 de
1268 3395 1326 3447 rege
1341 3378 1472 3448 Hungarie
1485 3398 1560 3450 repa-

533 3452 623 3506 triante
635 3452 685 3506 dua
697 3453 800 3507 Austrie
813 3455 939 3524 ceterique
951 3455 983 3507 ad
996 3458 1083 3522 urbem
1096 3455 1243 3510 Damiatam
1259 3457 1411 3512 transerunt

1823 3553 1824 3602 l

533 3643 582 3708 86.
597 3643 644 3705 De
657 3645 778 3727 captione
793 3644 976 3734 Hierusalem
986 3661 1041 3730 per
1052 3645 1251 3728 Corradinum,
1266 3647 1391 3732 Torpuit
1392 3649 1556 3738 soldanum.
1823 3607 1824 3664 l

461 3842 521 3891 ¹²¹9
570 3823 611 3873 Ea
623 3819 721 3872 historia
737 3821 862 3875 Damiate.
874 3824 956 3876 Anno
968 3823 1049 3893 gratie
1066 3843 1130 3891 1219
1149 3825 1248 3896 Regina
1267 3827 1376 3880 civitatis
1395 3829 1560 3899 Hierusalem,
1572 3837 1770 3901 Hlst.srs'esr,ln.
1823 3775 1824 3828 l

534 3917 584 3970 que
603 3899 736 3952 videbatur
756 3900 982 3971 inexpugnabiliter
1002 3903 1106 3970 munita,
1128 3904 1253 3959 destruila
1273 3907 1308 3960 eil
1324 3925 1339 3959 a
1353 3909 1493 3962 Corradim
1505 3911 1559 3964 filio
1634 3915 1703 3964 ¹¹³7-

535 3979 676 4048 Sslphadini
690 3979 749 4032 soris
763 3982 787 4032 tc
800 3981 875 4034 intus.
890 3981 959 4034 Muri
972 3983 1036 4035 enim
1052 4000 1111 4036 cum
1122 3985 1230 4038 turribus
1243 3986 1337 4040 redaiii
1350 3988 1441 4042 suntin
1454 4007 1558 4044 acervos

535 4059 645 4128 lapidum
658 4071 740 4129 preter
751 4062 872 4130 templum
887 4061 993 4114 Domini
1007 4065 1031 4115 de
1045 4063 1131 4116 turrim
1145 4065 1237 4118 David.
1253 4069 1293 4119 De
1307 4067 1436 4136 sepulchro
1449 4069 1559 4140 glorioso

534 4137 683 4191 destruendo
694 4138 823 4192 confilium
838 4141 978 4194 habuerunt
990 4143 1115 4207 Saraceni,
1134 4144 1157 4195 dr
1173 4161 1217 4214 per
1228 4143 1323 4198 litteras
1335 4149 1481 4202 comminati
1494 4149 1558 4217 sunt,

534 4235 599 4289 quas
611 4219 706 4274 civibus
718 4219 836 4274 Damiate
856 4221 1040 4274 transmiserunt
1056 4224 1088 4274 ad
1102 4241 1189 4276 eorum
1202 4225 1323 4280 solatium.
1345 4229 1393 4280 Sed
1411 4229 1468 4282 huic
1480 4243 1559 4285 teme·

534 4299 601 4353 ritati
610 4315 686 4354 nemo
698 4316 786 4352 manus
794 4317 921 4375 apponere
930 4300 1073 4374 presumpfit
1082 4315 1184 4374 propter
1192 4305 1355 4361 reverentiam
1365 4307 1427 4363 loci.
1441 4310 1482 4363 Sic
1491 4312 1557 4366 enim
