3716 5628
572 541 661 662 248
760 541 1003 674 Testimonia
1024 547 1065 636 in
1087 536 1213 635 Italia
1224 539 1406 670 scriptu.

796 954 871 1034 175.
899 935 1113 1008 MonAcnus
1140 936 1368 1022 PATnvrnus,

833 1118 883 1183 De
900 1117 985 1183 rebus
1002 1116 1167 1205 Insubrium
1189 1127 1340 1195 (-1270).

847 1285 995 1352 [Muratori
1009 1285 1049 1336 SS.
1063 1286 1115 1336 RR.
1126 1283 1216 1348 Italic„
1231 1284 1310 1348 v111.]

1072 1409 1091 1450 ss

911 1539 960 1601 De
974 1536 1107 1624 obstdione
1120 1537 1268 1612 Damiate.

499 1704 558 1750 12¹7
612 1689 707 1751 Anno
723 1687 860 1771 Domini
883 1684 1091 1753 MCCXVII.
1117 1685 1153 1749 In
1175 1686 1236 1750 istis
1256 1686 1447 1768 temporibus
1469 1686 1602 1748 transivit
1614 1710 1635 1754 r·
1646 1693 1695 1750 ⁶7⁰

572 1797 653 1839 mare
675 1775 905 1839 christianorum
926 1777 1058 1839 maxima
1079 1774 1255 1853 multitudo,
1279 1775 1309 1836 in
1325 1771 1487 1836 subfidium
1500 1773 1600 1836 Terre

573 1863 697 1928 Saneie:
714 1863 743 1927 &
757 1865 861 1928 habito
878 1865 1060 1947 prudentum
1072 1859 1209 1942 confilio,
1222 1863 1373 1926 christiani
1388 1883 1460 1925 cum
1474 1864 1601 1926 navibus

573 1953 698 2017 infinitis
721 1952 751 2016 in
767 1974 859 2015 manu
873 1952 973 2015 valida
987 1954 1177 2016 intraverunt
1191 1950 1358 2036 Egyptum,
1379 1951 1409 2015 &
1424 1950 1601 2015 Damiatam

572 2040 798 2104 munitiffimam
819 2040 976 2104 civitatem
1000 2038 1097 2102 multo
1115 2054 1253 2124 ternpore
1269 2040 1397 2104 viriliter
1412 2039 1601 2102 obsederunt.

646 2225 697 2288 De
709 2225 855 2289 collenione
868 2225 1000 2290 exercitus
1015 2224 1239 2287 Sarracenorum
1253 2238 1350 2286 contra
1364 2223 1536 2309 christianos.

502 2399 559 2448 1218
613 2387 707 2451 Anno
733 2387 863 2452 Domini
893 2387 976 2452 1218.
1009 2387 1091 2451 Cum
1119 2384 1238 2450 vidiss'et
1262 2387 1411 2450 Soldanus
1436 2385 1602 2469 Babylonis

574 2477 750 2542 christianos
766 2476 941 2540 Damiatam
962 2475 1166 2540 instantiffime
1181 2472 1336 2538 obfidere:
1364 2475 1503 2557 protinus
1517 2497 1603 2559 reges

573 2564 790 2628 Saracenorum
814 2566 851 2628 de
871 2564 999 2650 Syria&
1015 2563 1138 2643 Arabia,
1159 2563 1189 2627 δι
1209 2565 1275 2628 aliis
1290 2564 1456 2645 provinciis
1470 2564 1502 2625 in
1517 2561 1603 2625 suum

573 2653 720 2716 auxilium
742 2655 937 2733 convocavit,
958 2653 988 2716 δι
1007 2654 1160 2716 exercitus
1173 2653 1403 2716 christianorum
1418 2652 1501 2733 cepit
1514 2651 1602 2714 undi-

574 2764 635 2825 que
649 2743 778 2805 viriliter
799 2743 995 2826 impugnare:
1018 2757 1148 2824 excepto
1163 2744 1245 2824 quod
1262 2743 1319 2804 iter
1333 2741 1467 2804 fluminis
1481 2741 1525 2804 eis
1540 2761 1604 2802 non

577 2845 694 2914 poterat
716 2832 886 2914 prohibere.
909 2830 1047 2915 Regebat
1069 2847 1172 2893 autem
1194 2847 1267 2893 tunc
1281 2827 1458 2908 christiannos
1473 2825 1604 2892 Ioannes

574 2940 628 2981 rex
643 2917 946 3002 Hierosolymitanus,
970 2919 1169 2985 vir'strenuus
1184 2919 1214 2981 &
1233 2920 1331 2980 forma
1354 2939 1406 3000 pre
1419 2916 1488 2980 filiis
1526 2937 1605 2978 omr-

576 3028 651 3069 num
676 3006 835 3091 speciosus,
859 3007 889 3070 δι
905 3008 1043 3091 magister
1058 3006 1195 3090 Pelagius
1211 3003 1311 3070 saneie
1325 3006 1465 3069 Romane
1480 3001 1605 3069 ecclesie

575 3094 745 3158 cardinalis.
1009 3117 1013 3122 ·

914 3278 962 3341 Dc
976 3279 1098 3343 vinaria
1112 3279 1259 3342 Damiate.
1340 3275 1344 3288 '

503 3464 562 3513 1219
618 3444 712 3506 Anno
726 3443 857 3507 Domini
873 3462 957 3526 1219.
972 3442 1038 3510 Istis
1049 3445 1239 3527 temporibus
1254 3444 1321 3528 post
1331 3443 1465 3528 longam,
1477 3443 1507 3507 δι
1521 3443 1607 3505 labo·

579 3531 688 3594 rioiam
710 3529 899 3595 obsidionem
914 3534 1065 3596 exercitus
1080 3532 1309 3595 christianorum
1330 3532 1463 3594 obtinuit
1479 3530 1607 3614 Damia-

579 3633 652 3698 tam,
673 3640 733 3701 que
747 3617 790 3682 est
804 3621 834 3682 in
849 3618 973 3702 Egypto
987 3619 1074 3702 super
1087 3620 1201 3682 fluenta
1214 3619 1293 3700 Nili,
1306 3620 1358 3702 qui
1374 3640 1392 3681 a
1406 3618 1496 3683 Mose
1511 3621 1606 3684 Geon

580 3706 610 3769 in
627 3705 742 3772 Genesi
756 3707 934 3790 appellatur.

855 3891 994 3980 Qualiter
1008 3891 1111 3979 nmiffa
1125 3895 1164 3976 est
1175 3892 1328 3956 Damiata.

505 4081 561 4118 mr
620 4050 715 4112 Anno
728 4049 858 4113 Domini
874 4068 957 4114 1221.
973 4052 1056 4116 Cum
1067 4051 1219 4114 exercitus
1229 4049 1460 4114 christianorum
1471 4051 1508 4112 ad
1520 4048 1607 4132 supe-

578 4137 672 4199 riores
688 4153 788 4221 partes
799 4138 912 4224 Egypti
928 4140 1143 4224 expugnandas
1160 4136 1311 4217 transrffet,
1325 4139 1525 4201 inundatione
1540 4137 1607 4200 Nili

579 4226 676 4289 subito
701 4226 743 4289 est
766 4227 972 4292 circumfusus.
1008 4228 1152 4312 Cumque
1178 4227 1330 4290 christiani
1361 4248 1418 4290 nec
1444 4228 1608 4310 procedere

581 4311 710 4401 poffent,
729 4335 787 4379 nee
801 4316 899 4381 redire
913 4315 1058 4397 valerent,
1080 4319 1177 4400 aquis,
1196 4316 1374 4380 &exercitu
1390 4315 1607 4380 Saracenorum
