<?xml version="1.0" encoding="UTF-8"?>
<!DOCTYPE html PUBLIC "-//W3C//DTD XHTML 1.0 Transitional//EN"
    "http://www.w3.org/TR/xhtml1/DTD/xhtml1-transitional.dtd">
<html xmlns="http://www.w3.org/1999/xhtml" xml:lang="en" lang="en">
 <head>
  <title>
</title>
<meta http-equiv="Content-Type" content="text/html;charset=utf-8" />
  <meta name='ocr-system' content='tesseract 3.04.00' />
  <meta name='ocr-capabilities' content='ocr_page ocr_carea ocr_par ocr_line ocrx_word'/>
</head>
<body>
  <div class='ocr_page' id='page_1' title='image "./testimoniaminor00rhgoog_0194.png"; bbox 0 0 3656 5648; ppageno 0'>
   <div class='ocr_carea' id='block_1_1' title="bbox 404 551 1263 680">
    <p class='ocr_par' dir='ltr' id='par_1_1' title="bbox 404 551 1263 680">
     <span class='ocr_line' id='line_1_1' title="bbox 404 551 1263 680; baseline -0.008 -31"><span class='ocrx_word' id='word_1_1' title='bbox 404 587 479 677; x_wconf 74' lang='lat'>73.</span> <span class='ocrx_word' id='word_1_2' title='bbox 515 555 750 648; x_wconf 82' lang='lat' dir='ltr'><em>Vincentius</em></span> <span class='ocrx_word' id='word_1_3' title='bbox 780 551 1096 680; x_wconf 62' lang='lat' dir='ltr'>bellovacenfia</span> <span class='ocrx_word' id='word_1_4' title='bbox 1182 583 1263 676; x_wconf 87' lang='lat'>109</span> 
     </span>
    </p>
   </div>
   <div class='ocr_carea' id='block_1_2' title="bbox 237 813 1337 1524">
    <p class='ocr_par' dir='ltr' id='par_1_2' title="bbox 237 813 1337 1524">
     <span class='ocr_line' id='line_1_2' title="bbox 237 813 1337 886; baseline -0.003 -20"><span class='ocrx_word' id='word_1_5' title='bbox 237 813 356 880; x_wconf 74' lang='lat' dir='ltr'>tionibus,</span> <span class='ocrx_word' id='word_1_6' title='bbox 369 831 432 884; x_wconf 84' lang='lat' dir='ltr'>quae</span> <span class='ocrx_word' id='word_1_7' title='bbox 446 815 598 885; x_wconf 85' lang='lat' dir='ltr'>expugnavit</span> <span class='ocrx_word' id='word_1_8' title='bbox 613 818 636 870; x_wconf 72' lang='lat' dir='ltr'>dr</span> <span class='ocrx_word' id='word_1_9' title='bbox 650 817 675 868; x_wconf 90' lang='lat' dir='ltr'>in</span> <span class='ocrx_word' id='word_1_10' title='bbox 689 815 791 886; x_wconf 89' lang='lat' dir='ltr'>optione</span> <span class='ocrx_word' id='word_1_11' title='bbox 804 833 890 868; x_wconf 91' lang='lat' dir='ltr'>eorum</span> <span class='ocrx_word' id='word_1_12' title='bbox 905 814 994 884; x_wconf 79' lang='lat' dir='ltr'><strong>posuit,</strong></span> <span class='ocrx_word' id='word_1_13' title='bbox 1014 827 1097 866; x_wconf 87' lang='lat' dir='ltr'>utrum</span> <span class='ocrx_word' id='word_1_14' title='bbox 1115 814 1140 865; x_wconf 89' lang='lat' dir='ltr'>iu</span> <span class='ocrx_word' id='word_1_15' title='bbox 1157 813 1264 884; x_wconf 86' lang='lat' dir='ltr'>patriam</span> <span class='ocrx_word' id='word_1_16' title='bbox 1279 828 1337 875; x_wconf 84' lang='lat'>1219</span> 
     </span>
     <span class='ocr_line' id='line_1_3' title="bbox 238 893 1264 966; baseline 0.001 -21"><span class='ocrx_word' id='word_1_17' title='bbox 238 894 306 946; x_wconf 89' lang='lat' dir='ltr'>suam</span> <span class='ocrx_word' id='word_1_18' title='bbox 328 894 407 946; x_wconf 89' lang='lat' dir='ltr'>redire</span> <span class='ocrx_word' id='word_1_19' title='bbox 419 894 518 960; x_wconf 88' lang='lat' dir='ltr'>vellent,</span> <span class='ocrx_word' id='word_1_20' title='bbox 539 914 571 948; x_wconf 88' lang='lat' dir='ltr'>an</span> <span class='ocrx_word' id='word_1_21' title='bbox 594 897 705 966; x_wconf 73' lang='lat' dir='ltr'>acceptia</span> <span class='ocrx_word' id='word_1_22' title='bbox 719 898 752 948; x_wconf 92' lang='lat' dir='ltr'>ab</span> <span class='ocrx_word' id='word_1_23' title='bbox 765 913 796 948; x_wconf 93' lang='lat' dir='ltr'>eo</span> <span class='ocrx_word' id='word_1_24' title='bbox 817 895 897 947; x_wconf 84' lang='lat' dir='ltr'>solidis</span> <span class='ocrx_word' id='word_1_25' title='bbox 920 895 964 947; x_wconf 92' lang='lat' dir='ltr'>sub</span> <span class='ocrx_word' id='word_1_26' title='bbox 985 895 1038 964; x_wconf 88' lang='lat' dir='ltr'>ipso</span> <span class='ocrx_word' id='word_1_27' title='bbox 1059 895 1143 963; x_wconf 83' lang='lat' dir='ltr'>potius</span> <span class='ocrx_word' id='word_1_28' title='bbox 1159 893 1264 946; x_wconf 89' lang='lat' dir='ltr'>militare</span> 
     </span>
     <span class='ocr_line' id='line_1_4' title="bbox 237 971 1264 1042; baseline -0.001 -18"><span class='ocrx_word' id='word_1_29' title='bbox 237 971 365 1042; x_wconf 81' lang='lat' dir='ltr'>eligerent.</span> <span class='ocrx_word' id='word_1_30' title='bbox 380 973 451 1026; x_wconf 84' lang='lat' dir='ltr'>Idem</span> <span class='ocrx_word' id='word_1_31' title='bbox 462 974 604 1027; x_wconf 82' lang='lat' dir='ltr'>chrillianoo</span> <span class='ocrx_word' id='word_1_32' title='bbox 617 976 682 1026; x_wconf 85' lang='lat' dir='ltr'>adeo</span> <span class='ocrx_word' id='word_1_33' title='bbox 699 974 830 1027; x_wconf 77' lang='lat' dir='ltr'>familiares</span> <span class='ocrx_word' id='word_1_34' title='bbox 844 975 962 1038; x_wconf 85' lang='lat' dir='ltr'>habebat,</span> <span class='ocrx_word' id='word_1_35' title='bbox 980 986 1007 1026; x_wconf 90' lang='lat' dir='ltr'>nt</span> <span class='ocrx_word' id='word_1_36' title='bbox 1020 973 1136 1040; x_wconf 81' lang='lat' dir='ltr'>custodes</span> <span class='ocrx_word' id='word_1_37' title='bbox 1153 972 1264 1042; x_wconf 87' lang='lat' dir='ltr'>corporis</span> 
     </span>
     <span class='ocr_line' id='line_1_5' title="bbox 238 1051 1265 1123; baseline 0 -20"><span class='ocrx_word' id='word_1_38' title='bbox 238 1051 274 1104; x_wconf 92' lang='lat' dir='ltr'>sui</span> <span class='ocrx_word' id='word_1_39' title='bbox 285 1052 444 1105; x_wconf 84' lang='lat' dir='ltr'>constitueret</span> <span class='ocrx_word' id='word_1_40' title='bbox 463 1071 515 1116; x_wconf 74' lang='lat' dir='ltr'>eos,</span> <span class='ocrx_word' id='word_1_41' title='bbox 539 1053 596 1106; x_wconf 90' lang='lat' dir='ltr'>licet</span> <span class='ocrx_word' id='word_1_42' title='bbox 609 1069 681 1123; x_wconf 87' lang='lat' dir='ltr'>pater</span> <span class='ocrx_word' id='word_1_43' title='bbox 699 1055 749 1106; x_wconf 84' lang='lat' dir='ltr'>eiua</span> <span class='ocrx_word' id='word_1_44' title='bbox 769 1073 783 1106; x_wconf 91' lang='lat' dir='ltr'>a</span> <span class='ocrx_word' id='word_1_45' title='bbox 796 1055 905 1106; x_wconf 87' lang='lat' dir='ltr'>Lascaro</span> <span class='ocrx_word' id='word_1_46' title='bbox 917 1071 994 1122; x_wconf 86' lang='lat' dir='ltr'>greco</span> <span class='ocrx_word' id='word_1_47' title='bbox 1008 1052 1089 1105; x_wconf 88' lang='lat' dir='ltr'>suisset</span> <span class='ocrx_word' id='word_1_48' title='bbox 1104 1053 1265 1119; x_wconf 52' lang='lat' dir='ltr'>intersectum</span> 
     </span>
     <span class='ocr_line' id='line_1_6' title="bbox 238 1132 1266 1186; baseline 0 -3"><span class='ocrx_word' id='word_1_49' title='bbox 238 1149 314 1184; x_wconf 90' lang='lat' dir='ltr'>mano</span> <span class='ocrx_word' id='word_1_50' title='bbox 336 1133 411 1185; x_wconf 89' lang='lat' dir='ltr'>etiam</span> <span class='ocrx_word' id='word_1_51' title='bbox 432 1135 511 1186; x_wconf 89' lang='lat' dir='ltr'>tenuit</span> <span class='ocrx_word' id='word_1_52' title='bbox 524 1134 635 1186; x_wconf 85' lang='lat' dir='ltr'>Miralim</span> <span class='ocrx_word' id='word_1_53' title='bbox 657 1133 733 1186; x_wconf 88' lang='lat' dir='ltr'>filium</span> <span class='ocrx_word' id='word_1_54' title='bbox 751 1133 860 1186; x_wconf 88' lang='lat' dir='ltr'>Saladini</span> <span class='ocrx_word' id='word_1_55' title='bbox 882 1133 1081 1186; x_wconf 78' lang='lat' dir='ltr'>exhereditatum</span> <span class='ocrx_word' id='word_1_56' title='bbox 1097 1145 1184 1186; x_wconf 89' lang='lat' dir='ltr'>contra</span> <span class='ocrx_word' id='word_1_57' title='bbox 1202 1132 1266 1183; x_wconf 81' lang='lat' dir='ltr'>filios</span> 
     </span>
     <span class='ocr_line' id='line_1_7' title="bbox 237 1203 1265 1284; baseline -0.001 -21"><span class='ocrx_word' id='word_1_58' title='bbox 237 1212 380 1280; x_wconf 88' lang='lat' dir='ltr'>Saphadini‚</span> <span class='ocrx_word' id='word_1_59' title='bbox 395 1223 520 1282; x_wconf 89' lang='lat' dir='ltr'>quantum</span> <span class='ocrx_word' id='word_1_60' title='bbox 532 1214 651 1284; x_wconf 84' lang='lat' dir='ltr'>Caliphas</span> <span class='ocrx_word' id='word_1_61' title='bbox 665 1214 826 1282; x_wconf 86' lang='lat' dir='ltr'>permittebat</span> <span class='ocrx_word' id='word_1_62' title='bbox 837 1213 930 1266; x_wconf 82' lang='lat' dir='ltr'>Baldas</span> <span class='ocrx_word' id='word_1_63' title='bbox 945 1231 1009 1282; x_wconf 82' lang='lat' dir='ltr'>papa</span> <span class='ocrx_word' id='word_1_64' title='bbox 1023 1214 1064 1266; x_wconf 91' lang='lat' dir='ltr'>sue</span> <span class='ocrx_word' id='word_1_65' title='bbox 1074 1212 1163 1282; x_wconf 81' lang='lat' dir='ltr'>gentis.</span> <span class='ocrx_word' id='word_1_66' title='bbox 1180 1203 1265 1284; x_wconf 85' lang='lat' dir='ltr'>Mely-</span> 
     </span>
     <span class='ocr_line' id='line_1_8' title="bbox 237 1290 1266 1361; baseline 0 -19"><span class='ocrx_word' id='word_1_67' title='bbox 237 1290 375 1361; x_wconf 84' lang='lat' dir='ltr'>cbasecaph</span> <span class='ocrx_word' id='word_1_68' title='bbox 389 1291 454 1344; x_wconf 78' lang='lat' dir='ltr'>filius</span> <span class='ocrx_word' id='word_1_69' title='bbox 476 1292 609 1360; x_wconf 88' lang='lat' dir='ltr'>Saphadini</span> <span class='ocrx_word' id='word_1_70' title='bbox 632 1292 710 1344; x_wconf 90' lang='lat' dir='ltr'>multa</span> <span class='ocrx_word' id='word_1_71' title='bbox 722 1292 816 1344; x_wconf 87' lang='lat' dir='ltr'>damna</span> <span class='ocrx_word' id='word_1_72' title='bbox 832 1293 985 1360; x_wconf 82' lang='lat' dir='ltr'>Templariis</span> <span class='ocrx_word' id='word_1_73' title='bbox 1004 1293 1096 1358; x_wconf 85' lang='lat' dir='ltr'>intulit,</span> <span class='ocrx_word' id='word_1_74' title='bbox 1117 1309 1175 1343; x_wconf 86' lang='lat' dir='ltr'>curn</span> <span class='ocrx_word' id='word_1_75' title='bbox 1188 1290 1266 1343; x_wconf 85' lang='lat' dir='ltr'>essent</span> 
     </span>
     <span class='ocr_line' id='line_1_9' title="bbox 237 1370 1265 1442; baseline 0.001 -21"><span class='ocrx_word' id='word_1_76' title='bbox 237 1371 262 1422; x_wconf 89' lang='lat' dir='ltr'>iu</span> <span class='ocrx_word' id='word_1_77' title='bbox 283 1370 410 1423; x_wconf 79' lang='lat' dir='ltr'>obsidione</span> <span class='ocrx_word' id='word_1_78' title='bbox 434 1371 562 1441; x_wconf 84' lang='lat' dir='ltr'>Damiate.</span> <span class='ocrx_word' id='word_1_79' title='bbox 589 1371 731 1425; x_wconf 84' lang='lat' dir='ltr'>Combusstt</span> <span class='ocrx_word' id='word_1_80' title='bbox 756 1372 821 1424; x_wconf 86' lang='lat' dir='ltr'>enim</span> <span class='ocrx_word' id='word_1_81' title='bbox 843 1373 966 1442; x_wconf 89' lang='lat' dir='ltr'>oppidum</span> <span class='ocrx_word' id='word_1_82' title='bbox 988 1373 1067 1425; x_wconf 83' lang='lat' dir='ltr'>Casiri</span> <span class='ocrx_word' id='word_1_83' title='bbox 1089 1370 1163 1436; x_wconf 89' lang='lat' dir='ltr'>Albi,</span> <span class='ocrx_word' id='word_1_84' title='bbox 1186 1385 1265 1422; x_wconf 81' lang='lat' dir='ltr'>turrea</span> 
     </span>
     <span class='ocr_line' id='line_1_10' title="bbox 237 1449 1265 1524; baseline -0.002 -22"><span class='ocrx_word' id='word_1_85' title='bbox 237 1450 346 1524; x_wconf 82' lang='lat' dir='ltr'>munitat</span> <span class='ocrx_word' id='word_1_86' title='bbox 356 1451 483 1516; x_wconf 81' lang='lat' dir='ltr'>deliruxit,</span> <span class='ocrx_word' id='word_1_87' title='bbox 498 1450 548 1514; x_wconf 88' lang='lat' dir='ltr'>sed,</span> <span class='ocrx_word' id='word_1_88' title='bbox 557 1468 615 1504; x_wconf 89' lang='lat' dir='ltr'>curn</span> <span class='ocrx_word' id='word_1_89' title='bbox 626 1451 717 1503; x_wconf 82' lang='lat' dir='ltr'>rediret</span> <span class='ocrx_word' id='word_1_90' title='bbox 730 1451 754 1502; x_wconf 92' lang='lat' dir='ltr'>in</span> <span class='ocrx_word' id='word_1_91' title='bbox 768 1463 858 1504; x_wconf 88' lang='lat' dir='ltr'>terram</span> <span class='ocrx_word' id='word_1_92' title='bbox 869 1451 947 1518; x_wconf 89' lang='lat' dir='ltr'>suam,</span> <span class='ocrx_word' id='word_1_93' title='bbox 959 1451 1038 1504; x_wconf 72' lang='lat' dir='ltr'>vidtur</span> <span class='ocrx_word' id='word_1_94' title='bbox 1049 1451 1108 1504; x_wconf 85' lang='lat' dir='ltr'>esta</span> <span class='ocrx_word' id='word_1_95' title='bbox 1118 1449 1265 1502; x_wconf 86' lang='lat' dir='ltr'>Sarracenis.</span> 
     </span>
    </p>
   </div>
   <div class='ocr_carea' id='block_1_3' title="bbox 387 1637 1126 1720">
    <p class='ocr_par' dir='ltr' id='par_1_3' title="bbox 387 1637 1126 1720">
     <span class='ocr_line' id='line_1_11' title="bbox 387 1637 1126 1720; baseline 0.001 -21"><span class='ocrx_word' id='word_1_96' title='bbox 387 1658 435 1720; x_wconf 84' lang='lat'>94.</span> <span class='ocrx_word' id='word_1_97' title='bbox 457 1637 505 1699; x_wconf 82' lang='lat' dir='ltr'>Dc</span> <span class='ocrx_word' id='word_1_98' title='bbox 518 1639 640 1720; x_wconf 83' lang='lat' dir='ltr'>captione</span> <span class='ocrx_word' id='word_1_99' title='bbox 654 1637 757 1720; x_wconf 83' lang='lat' dir='ltr'>Sapbet</span> <span class='ocrx_word' id='word_1_100' title='bbox 768 1641 801 1701; x_wconf 66' lang='lat'>{5</span> <span class='ocrx_word' id='word_1_101' title='bbox 815 1637 966 1700; x_wconf 80' lang='lat' dir='ltr'>redditione</span> <span class='ocrx_word' id='word_1_102' title='bbox 979 1637 1126 1701; x_wconf 84' lang='lat' dir='ltr'>Damiate.</span> 
     </span>
    </p>
   </div>
   <div class='ocr_carea' id='block_1_4' title="bbox 5 1824 1339 4051">
    <p class='ocr_par' dir='ltr' id='par_1_4' title="bbox 5 1824 1339 4051">
     <span class='ocr_line' id='line_1_12' title="bbox 28 1824 1339 1896; baseline 0.001 -19"><span class='ocrx_word' id='word_1_103' title='bbox 28 1830 196 1888; x_wconf 74' lang='lat' dir='ltr'>Pseudo-lae,</span> <span class='ocrx_word' id='word_1_104' title='bbox 273 1827 355 1877; x_wconf 84' lang='lat' dir='ltr'>Anno</span> <span class='ocrx_word' id='word_1_105' title='bbox 369 1825 438 1878; x_wconf 87' lang='lat' dir='ltr'>verbi</span> <span class='ocrx_word' id='word_1_106' title='bbox 456 1826 577 1879; x_wconf 89' lang='lat' dir='ltr'>incarnati</span> <span class='ocrx_word' id='word_1_107' title='bbox 603 1845 677 1880; x_wconf 80' lang='lat'><em>¹220.</em></span> <span class='ocrx_word' id='word_1_108' title='bbox 701 1826 855 1880; x_wconf 83' lang='lat' dir='ltr'>Corradinus</span> <span class='ocrx_word' id='word_1_109' title='bbox 875 1827 988 1896; x_wconf 87' lang='lat' dir='ltr'>princeps</span> <span class='ocrx_word' id='word_1_110' title='bbox 1012 1824 1128 1878; x_wconf 85' lang='lat' dir='ltr'>Damasci</span> <span class='ocrx_word' id='word_1_111' title='bbox 1147 1825 1265 1878; x_wconf 85' lang='lat' dir='ltr'>destruxit</span> <span class='ocrx_word' id='word_1_112' title='bbox 1280 1849 1339 1884; x_wconf 80' lang='lat'>1220</span> 
     </span>
     <span class='ocr_line' id='line_1_13' title="bbox 5 1892 1266 1975; baseline 0.002 -19"><span class='ocrx_word' id='word_1_113' title='bbox 5 1893 62 1956; x_wconf 72' lang='lat' dir='ltr'>fflfl·</span> <span class='ocrx_word' id='word_1_114' title='bbox 75 1892 224 1952; x_wconf 78' lang='lat' dir='ltr'>orienr.,111,</span> <span class='ocrx_word' id='word_1_115' title='bbox 239 1905 340 1974; x_wconf 84' lang='lat' dir='ltr'>Saphet,</span> <span class='ocrx_word' id='word_1_116' title='bbox 351 1907 457 1958; x_wconf 87' lang='lat' dir='ltr'>callrum</span> <span class='ocrx_word' id='word_1_117' title='bbox 471 1905 643 1972; x_wconf 79' lang='lat' dir='ltr'>firmissumum,</span> <span class='ocrx_word' id='word_1_118' title='bbox 655 1907 724 1975; x_wconf 91' lang='lat' dir='ltr'>quod</span> <span class='ocrx_word' id='word_1_119' title='bbox 737 1905 866 1958; x_wconf 76' lang='lat' dir='ltr'>saladinus</span> <span class='ocrx_word' id='word_1_120' title='bbox 878 1905 1006 1974; x_wconf 81' lang='lat' dir='ltr'>flagellum</span> <span class='ocrx_word' id='word_1_121' title='bbox 1019 1905 1208 1958; x_wconf 82' lang='lat' dir='ltr'>christianorum</span> <span class='ocrx_word' id='word_1_122' title='bbox 1222 1923 1266 1975; x_wconf 88' lang='lat' dir='ltr'>per</span> 
     </span>
     <span class='ocr_line' id='line_1_14' title="bbox 83 1969 1266 2053; baseline 0 -17"><span class='ocrx_word' id='word_1_123' title='bbox 83 1969 159 2014; x_wconf 78' lang='lat'><strong>¹¹⁴4</strong></span> <span class='ocrx_word' id='word_1_124' title='bbox 238 1984 340 2052; x_wconf 84' lang='lat' dir='ltr'>longam</span> <span class='ocrx_word' id='word_1_125' title='bbox 363 1985 516 2038; x_wconf 76' lang='lat' dir='ltr'>obsidionem</span> <span class='ocrx_word' id='word_1_126' title='bbox 534 1986 559 2037; x_wconf 90' lang='lat' dir='ltr'>in</span> <span class='ocrx_word' id='word_1_127' title='bbox 574 1998 672 2038; x_wconf 88' lang='lat' dir='ltr'>tanturn</span> <span class='ocrx_word' id='word_1_128' title='bbox 685 1987 800 2052; x_wconf 71' lang='lat' dir='ltr'>irritavit,</span> <span class='ocrx_word' id='word_1_129' title='bbox 822 1998 849 2038; x_wconf 90' lang='lat' dir='ltr'>ut</span> <span class='ocrx_word' id='word_1_130' title='bbox 863 1985 1004 2038; x_wconf 78' lang='lat' dir='ltr'>defensores</span> <span class='ocrx_word' id='word_1_131' title='bbox 1027 1985 1093 2036; x_wconf 78' lang='lat' dir='ltr'>sume</span> <span class='ocrx_word' id='word_1_132' title='bbox 1113 1984 1266 2053; x_wconf 81' lang='lat' dir='ltr'>deficientes,</span> 
     </span>
     <span class='ocr_line' id='line_1_15' title="bbox 238 2063 1032 2134; baseline 0.001 -20"><span class='ocrx_word' id='word_1_133' title='bbox 238 2063 352 2133; x_wconf 80' lang='lat' dir='ltr'>requisita</span> <span class='ocrx_word' id='word_1_134' title='bbox 364 2063 464 2116; x_wconf 87' lang='lat' dir='ltr'>licentia</span> <span class='ocrx_word' id='word_1_135' title='bbox 477 2065 585 2134; x_wconf 78' lang='lat' dir='ltr'>magistri</span> <span class='ocrx_word' id='word_1_136' title='bbox 599 2065 684 2118; x_wconf 86' lang='lat' dir='ltr'>militie</span> <span class='ocrx_word' id='word_1_137' title='bbox 698 2065 829 2118; x_wconf 87' lang='lat' dir='ltr'>redderent</span> <span class='ocrx_word' id='word_1_138' title='bbox 843 2064 902 2116; x_wconf 92' lang='lat' dir='ltr'>illud</span> <span class='ocrx_word' id='word_1_139' title='bbox 916 2079 1032 2134; x_wconf 79' lang='lat' dir='ltr'>tyranno.</span> 
     </span>
     <span class='ocr_line' id='line_1_16' title="bbox 274 2143 1267 2214; baseline 0.002 -20"><span class='ocrx_word' id='word_1_140' title='bbox 274 2144 379 2195; x_wconf 61' lang='lat' dir='ltr'>Fabium</span> <span class='ocrx_word' id='word_1_141' title='bbox 396 2143 430 2195; x_wconf 89' lang='lat' dir='ltr'>esl</span> <span class='ocrx_word' id='word_1_142' title='bbox 448 2159 533 2196; x_wconf 89' lang='lat' dir='ltr'>autem</span> <span class='ocrx_word' id='word_1_143' title='bbox 554 2147 659 2197; x_wconf 85' lang='lat' dir='ltr'>vertenti</span> <span class='ocrx_word' id='word_1_144' title='bbox 677 2163 752 2210; x_wconf 88' lang='lat' dir='ltr'>anno,</span> <span class='ocrx_word' id='word_1_145' title='bbox 776 2145 878 2214; x_wconf 87' lang='lat' dir='ltr'>quando</span> <span class='ocrx_word' id='word_1_146' title='bbox 893 2144 970 2196; x_wconf 87' lang='lat' dir='ltr'>solent</span> <span class='ocrx_word' id='word_1_147' title='bbox 986 2162 1059 2212; x_wconf 80' lang='lat' dir='ltr'>reges</span> <span class='ocrx_word' id='word_1_148' title='bbox 1080 2144 1112 2196; x_wconf 88' lang='lat' dir='ltr'>ad</span> <span class='ocrx_word' id='word_1_149' title='bbox 1130 2144 1195 2196; x_wconf 86' lang='lat' dir='ltr'>bella</span> <span class='ocrx_word' id='word_1_150' title='bbox 1208 2162 1267 2214; x_wconf 92' lang='lat' dir='ltr'>pro-</span> 
     </span>
     <span class='ocr_line' id='line_1_17' title="bbox 125 2215 1266 2296; baseline 0.006 -26"><span class='ocrx_word' id='word_1_151' title='bbox 125 2243 148 2287; x_wconf 84' lang='lat' dir='ltr'>p.</span> <span class='ocrx_word' id='word_1_152' title='bbox 164 2237 223 2285; x_wconf 81' lang='lat'><em>¹145</em></span> <span class='ocrx_word' id='word_1_153' title='bbox 238 2223 338 2275; x_wconf 87' lang='lat' dir='ltr'>cedere:</span> <span class='ocrx_word' id='word_1_154' title='bbox 350 2225 456 2275; x_wconf 83' lang='lat' dir='ltr'>loannes</span> <span class='ocrx_word' id='word_1_155' title='bbox 470 2241 512 2276; x_wconf 90' lang='lat' dir='ltr'>rex</span> <span class='ocrx_word' id='word_1_156' title='bbox 525 2225 656 2277; x_wconf 85' lang='lat' dir='ltr'>Ierusalem</span> <span class='ocrx_word' id='word_1_157' title='bbox 675 2215 753 2276; x_wconf 78' lang='lat' dir='ltr'>casita</span> <span class='ocrx_word' id='word_1_158' title='bbox 766 2224 875 2276; x_wconf 86' lang='lat' dir='ltr'>fidelium</span> <span class='ocrx_word' id='word_1_159' title='bbox 889 2224 932 2276; x_wconf 91' lang='lat' dir='ltr'>reli</span> <span class='ocrx_word' id='word_1_160' title='bbox 951 2223 997 2288; x_wconf 85' lang='lat' dir='ltr'>uit,</span> <span class='ocrx_word' id='word_1_161' title='bbox 1012 2223 1104 2296; x_wconf 66' lang='lat' dir='ltr'>multas</span> <span class='ocrx_word' id='word_1_162' title='bbox 1117 2226 1266 2296; x_wconf 81' lang='lat' dir='ltr'>pretendens</span> 
     </span>
     <span class='ocr_line' id='line_1_18' title="bbox 239 2243 1265 2374; baseline 0.003 -21"><span class='ocrx_word' id='word_1_163' title='bbox 239 2302 324 2354; x_wconf 84' lang='lat' dir='ltr'>causas</span> <span class='ocrx_word' id='word_1_164' title='bbox 336 2302 369 2353; x_wconf 84' lang='lat' dir='ltr'>ad</span> <span class='ocrx_word' id='word_1_165' title='bbox 382 2301 565 2355; x_wconf 85' lang='lat' dir='ltr'>excusationem</span> <span class='ocrx_word' id='word_1_166' title='bbox 581 2303 615 2355; x_wconf 92' lang='lat' dir='ltr'>sui</span> <span class='ocrx_word' id='word_1_167' title='bbox 629 2305 652 2356; x_wconf 76' lang='grc' dir='ltr'>δι</span> <span class='ocrx_word' id='word_1_168' title='bbox 666 2285 805 2356; x_wconf 78' lang='lat' dir='ltr'>selitnatum</span> <span class='ocrx_word' id='word_1_169' title='bbox 820 2243 1096 2374; x_wconf 52' lang='lat' dir='ltr'>manricus,</span> <span class='ocrx_word' id='word_1_170' title='bbox 1110 2293 1265 2356; x_wconf 80' lang='lat' dir='ltr'>anteriorum</span> 
     </span>
     <span class='ocr_line' id='line_1_19' title="bbox 239 2379 1265 2454; baseline 0.002 -20"><span class='ocrx_word' id='word_1_171' title='bbox 239 2382 330 2434; x_wconf 70' lang='lat' dir='ltr'>oblitui</span> <span class='ocrx_word' id='word_1_172' title='bbox 344 2381 529 2454; x_wconf 81' lang='lat' dir='ltr'>id&#39;posreriora&#39;</span> <span class='ocrx_word' id='word_1_173' title='bbox 539 2379 562 2434; x_wconf 90' lang='lat' dir='ltr'>se</span> <span class='ocrx_word' id='word_1_174' title='bbox 575 2383 706 2436; x_wconf 89' lang='lat' dir='ltr'>convertit.</span> <span class='ocrx_word' id='word_1_175' title='bbox 730 2385 870 2452; x_wconf 87' lang='lat' dir='ltr'>Aperiente</span> <span class='ocrx_word' id='word_1_176' title='bbox 884 2400 985 2434; x_wconf 89' lang='lat' dir='ltr'>manum</span> <span class='ocrx_word' id='word_1_177' title='bbox 1002 2383 1124 2447; x_wconf 86' lang='lat' dir='ltr'>Domino,</span> <span class='ocrx_word' id='word_1_178' title='bbox 1145 2385 1189 2451; x_wconf 88' lang='lat' dir='ltr'>qui</span> <span class='ocrx_word' id='word_1_179' title='bbox 1207 2400 1265 2453; x_wconf 92' lang='lat' dir='ltr'>por·</span> 
     </span>
     <span class='ocr_line' id='line_1_20' title="bbox 239 2459 1265 2531; baseline 0 -19"><span class='ocrx_word' id='word_1_180' title='bbox 239 2461 293 2512; x_wconf 74' lang='lat' dir='ltr'>tutin</span> <span class='ocrx_word' id='word_1_181' title='bbox 307 2461 425 2514; x_wconf 87' lang='lat' dir='ltr'>Damiate</span> <span class='ocrx_word' id='word_1_182' title='bbox 438 2459 549 2530; x_wconf 89' lang='lat' dir='ltr'>implevit</span> <span class='ocrx_word' id='word_1_183' title='bbox 568 2465 684 2514; x_wconf 84' lang='lat' dir='ltr'>ubertate</span> <span class='ocrx_word' id='word_1_184' title='bbox 698 2462 824 2526; x_wconf 85' lang='lat' dir='ltr'>frumenti,</span> <span class='ocrx_word' id='word_1_185' title='bbox 836 2461 886 2513; x_wconf 87' lang='lat' dir='ltr'>vini</span> <span class='ocrx_word' id='word_1_186' title='bbox 901 2464 924 2513; x_wconf 76' lang='grc' dir='ltr'><strong>ἃ</strong></span> <span class='ocrx_word' id='word_1_187' title='bbox 940 2462 1004 2526; x_wconf 88' lang='lat' dir='ltr'>olee,</span> <span class='ocrx_word' id='word_1_188' title='bbox 1024 2462 1142 2514; x_wconf 72' lang='lat' dir='ltr'>adiundla</span> <span class='ocrx_word' id='word_1_189' title='bbox 1156 2463 1265 2531; x_wconf 77' lang='lat' dir='ltr'>peregri·</span> 
     </span>
     <span class='ocr_line' id='line_1_21' title="bbox 238 2541 1266 2611; baseline 0.002 -19"><span class='ocrx_word' id='word_1_190' title='bbox 238 2543 502 2611; x_wconf 88' lang='lat' dir='ltr'>notum&amp;equotum</span> <span class='ocrx_word' id='word_1_191' title='bbox 521 2541 593 2611; x_wconf 88' lang='lat' dir='ltr'>copia</span> <span class='ocrx_word' id='word_1_192' title='bbox 615 2543 754 2607; x_wconf 88' lang='lat' dir='ltr'>numerosa,</span> <span class='ocrx_word' id='word_1_193' title='bbox 776 2554 802 2593; x_wconf 91' lang='lat' dir='ltr'>ut</span> <span class='ocrx_word' id='word_1_194' title='bbox 824 2542 856 2592; x_wconf 89' lang='lat' dir='ltr'>ad</span> <span class='ocrx_word' id='word_1_195' title='bbox 879 2541 1091 2610; x_wconf 80' lang='lat' dir='ltr'>progrediendum</span> <span class='ocrx_word' id='word_1_196' title='bbox 1115 2541 1138 2592; x_wconf 91' lang='lat' dir='ltr'>in</span> <span class='ocrx_word' id='word_1_197' title='bbox 1157 2541 1266 2610; x_wconf 82' lang='lat' dir='ltr'>negocio</span> 
     </span>
     <span class='ocr_line' id='line_1_22' title="bbox 238 2618 1267 2690; baseline 0 -18"><span class='ocrx_word' id='word_1_198' title='bbox 238 2619 306 2672; x_wconf 83' lang='lat' dir='ltr'>nulla</span> <span class='ocrx_word' id='word_1_199' title='bbox 322 2620 406 2672; x_wconf 89' lang='lat' dir='ltr'>locum</span> <span class='ocrx_word' id='word_1_200' title='bbox 428 2621 520 2673; x_wconf 89' lang='lat' dir='ltr'>habeat</span> <span class='ocrx_word' id='word_1_201' title='bbox 539 2622 672 2674; x_wconf 76' lang='lat' dir='ltr'>excusatio.</span> <span class='ocrx_word' id='word_1_202' title='bbox 694 2625 893 2690; x_wconf 80' lang='lat' dir='ltr'>supervenerunt</span> <span class='ocrx_word' id='word_1_203' title='bbox 910 2620 934 2672; x_wconf 91' lang='lat' dir='ltr'>in</span> <span class='ocrx_word' id='word_1_204' title='bbox 953 2620 1022 2673; x_wconf 91' lang='lat' dir='ltr'>sexto</span> <span class='ocrx_word' id='word_1_205' title='bbox 1035 2618 1149 2690; x_wconf 82' lang='lat' dir='ltr'>passagio</span> <span class='ocrx_word' id='word_1_206' title='bbox 1164 2620 1267 2672; x_wconf 89' lang='lat' dir='ltr'>Medio-</span> 
     </span>
     <span class='ocr_line' id='line_1_23' title="bbox 237 2699 1266 2770; baseline 0 -18"><span class='ocrx_word' id='word_1_207' title='bbox 237 2700 340 2752; x_wconf 82' lang='lat' dir='ltr'>lanensn</span> <span class='ocrx_word' id='word_1_208' title='bbox 353 2703 376 2752; x_wconf 76' lang='lat' dir='ltr'>st</span> <span class='ocrx_word' id='word_1_209' title='bbox 392 2701 515 2754; x_wconf 76' lang='lat' dir='ltr'>Cretensis</span> <span class='ocrx_word' id='word_1_210' title='bbox 528 2702 714 2770; x_wconf 87' lang='lat' dir='ltr'>archiepiscopi,</span> <span class='ocrx_word' id='word_1_211' title='bbox 727 2701 843 2753; x_wconf 83' lang='lat' dir='ltr'>Favensrs</span> <span class='ocrx_word' id='word_1_212' title='bbox 856 2703 879 2752; x_wconf 76' lang='lat' dir='ltr'>st</span> <span class='ocrx_word' id='word_1_213' title='bbox 893 2700 1014 2768; x_wconf 80' lang='lat' dir='ltr'>Regensus</span> <span class='ocrx_word' id='word_1_214' title='bbox 1027 2699 1134 2769; x_wconf 84' lang='lat' dir='ltr'>episcopi</span> <span class='ocrx_word' id='word_1_215' title='bbox 1148 2701 1173 2752; x_wconf 73' lang='lat' dir='ltr'>dr</span> <span class='ocrx_word' id='word_1_216' title='bbox 1182 2700 1266 2768; x_wconf 86' lang='lat' dir='ltr'>nuncij</span> 
     </span>
     <span class='ocr_line' id='line_1_24' title="bbox 237 2779 1266 2849; baseline 0.001 -17"><span class='ocrx_word' id='word_1_217' title='bbox 237 2780 304 2848; x_wconf 82' lang='lat' dir='ltr'>regis</span> <span class='ocrx_word' id='word_1_218' title='bbox 319 2779 436 2832; x_wconf 84' lang='lat' dir='ltr'>Friderici</span> <span class='ocrx_word' id='word_1_219' title='bbox 454 2780 596 2833; x_wconf 81' lang='lat' dir='ltr'>deserentes</span> <span class='ocrx_word' id='word_1_220' title='bbox 618 2781 700 2833; x_wconf 78' lang='lat' dir='ltr'>literae</span> <span class='ocrx_word' id='word_1_221' title='bbox 720 2798 777 2833; x_wconf 88' lang='lat' dir='ltr'>cum</span> <span class='ocrx_word' id='word_1_222' title='bbox 799 2781 879 2832; x_wconf 84' lang='lat' dir='ltr'>aureis</span> <span class='ocrx_word' id='word_1_223' title='bbox 902 2779 974 2832; x_wconf 75' lang='lat' dir='ltr'>bullis</span> <span class='ocrx_word' id='word_1_224' title='bbox 996 2781 1018 2832; x_wconf 79' lang='lat' dir='ltr'>dt</span> <span class='ocrx_word' id='word_1_225' title='bbox 1038 2779 1174 2833; x_wconf 86' lang='lat' dir='ltr'>adventum</span> <span class='ocrx_word' id='word_1_226' title='bbox 1195 2779 1266 2849; x_wconf 75' lang='lat' dir='ltr'>ipsius</span> 
     </span>
     <span class='ocr_line' id='line_1_25' title="bbox 236 2859 1265 2930; baseline 0.002 -18"><span class='ocrx_word' id='word_1_227' title='bbox 236 2859 390 2912; x_wconf 76' lang='lat' dir='ltr'>nunciantes.</span> <span class='ocrx_word' id='word_1_228' title='bbox 411 2860 513 2912; x_wconf 87' lang='lat' dir='ltr'>Aderat</span> <span class='ocrx_word' id='word_1_229' title='bbox 534 2861 599 2912; x_wconf 90' lang='lat' dir='ltr'>enim</span> <span class='ocrx_word' id='word_1_230' title='bbox 620 2863 749 2930; x_wconf 86' lang='lat' dir='ltr'>episcopus</span> <span class='ocrx_word' id='word_1_231' title='bbox 763 2860 894 2913; x_wconf 85' lang='lat' dir='ltr'>Brixiensrs</span> <span class='ocrx_word' id='word_1_232' title='bbox 911 2863 934 2912; x_wconf 77' lang='grc' dir='ltr'>δι</span> <span class='ocrx_word' id='word_1_233' title='bbox 951 2860 1039 2913; x_wconf 87' lang='lat' dir='ltr'>Italica</span> <span class='ocrx_word' id='word_1_234' title='bbox 1054 2861 1141 2912; x_wconf 88' lang='lat' dir='ltr'>militia</span> <span class='ocrx_word' id='word_1_235' title='bbox 1157 2861 1265 2929; x_wconf 88' lang='lat' dir='ltr'>copiosa.</span> 
     </span>
     <span class='ocr_line' id='line_1_26' title="bbox 236 2939 1267 3015; baseline 0.003 -25"><span class='ocrx_word' id='word_1_236' title='bbox 236 2943 350 3015; x_wconf 59' lang='lat' dir='ltr'>Qus</span> <span class='ocrx_word' id='word_1_237' title='bbox 371 2953 457 2992; x_wconf 90' lang='lat' dir='ltr'>autem</span> <span class='ocrx_word' id='word_1_238' title='bbox 471 2941 637 3005; x_wconf 79' lang='lat' dir='ltr'>considerans,</span> <span class='ocrx_word' id='word_1_239' title='bbox 660 2959 710 2993; x_wconf 91' lang='lat' dir='ltr'>non</span> <span class='ocrx_word' id='word_1_240' title='bbox 738 2940 786 2993; x_wconf 84' lang='lat' dir='ltr'>stne</span> <span class='ocrx_word' id='word_1_241' title='bbox 808 2941 891 3008; x_wconf 82' lang='lat' dir='ltr'>gratie</span> <span class='ocrx_word' id='word_1_242' title='bbox 912 2957 1007 3008; x_wconf 85' lang='lat' dir='ltr'>magno</span> <span class='ocrx_word' id='word_1_243' title='bbox 1030 2939 1160 3009; x_wconf 83' lang='lat' dir='ltr'>privilegio</span> <span class='ocrx_word' id='word_1_244' title='bbox 1181 2941 1267 2993; x_wconf 88' lang='lat' dir='ltr'>divino</span> 
     </span>
     <span class='ocr_line' id='line_1_27' title="bbox 237 3017 1265 3090; baseline -0.001 -19"><span class='ocrx_word' id='word_1_245' title='bbox 237 3037 339 3072; x_wconf 90' lang='lat' dir='ltr'>munere</span> <span class='ocrx_word' id='word_1_246' title='bbox 360 3019 508 3073; x_wconf 84' lang='lat' dir='ltr'>sufficienter</span> <span class='ocrx_word' id='word_1_247' title='bbox 527 3020 598 3074; x_wconf 88' lang='lat' dir='ltr'>fuisse</span> <span class='ocrx_word' id='word_1_248' title='bbox 619 3017 743 3090; x_wconf 79' lang='lat' dir='ltr'>provilitin</span> <span class='ocrx_word' id='word_1_249' title='bbox 757 3022 781 3072; x_wconf 87' lang='lat' dir='ltr'>in</span> <span class='ocrx_word' id='word_1_250' title='bbox 796 3021 922 3082; x_wconf 86' lang='lat' dir='ltr'>omnibus,</span> <span class='ocrx_word' id='word_1_251' title='bbox 944 3039 993 3089; x_wconf 91' lang='lat' dir='ltr'>que</span> <span class='ocrx_word' id='word_1_252' title='bbox 1012 3021 1152 3089; x_wconf 86' lang='lat' dir='ltr'>requirebat</span> <span class='ocrx_word' id='word_1_253' title='bbox 1168 3017 1265 3090; x_wconf 83' lang='lat' dir='ltr'>negocij</span> 
     </span>
     <span class='ocr_line' id='line_1_28' title="bbox 236 3099 1279 3176; baseline -0.001 -25"><span class='ocrx_word' id='word_1_254' title='bbox 236 3099 371 3170; x_wconf 72' lang='lat' dir='ltr'>procell&#39;oa,</span> <span class='ocrx_word' id='word_1_255' title='bbox 392 3101 533 3169; x_wconf 81' lang='lat' dir='ltr'>tingebatur</span> <span class='ocrx_word' id='word_1_256' title='bbox 768 3117 858 3167; x_wconf 43' lang='grc' dir='ltr'>ςυρψ</span> <span class='ocrx_word' id='word_1_257' title='bbox 877 3099 995 3150; x_wconf 87' lang='lat' dir='ltr'>inutiliter</span> <span class='ocrx_word' id='word_1_258' title='bbox 1009 3099 1123 3168; x_wconf 80' lang='lat' dir='ltr'>processit</span> <span class='ocrx_word' id='word_1_259' title='bbox 1136 3100 1159 3150; x_wconf 73' lang='lat' dir='ltr'>a</span> <span class='ocrx_word' id='word_1_260' title='bbox 1173 3117 1279 3176; x_wconf 62' lang='lat' dir='ltr'>⁰ttssk„</span> 
     </span>
     <span class='ocr_line' id='line_1_29' title="bbox 236 3169 1267 3253; baseline -0.002 -19"><span class='ocrx_word' id='word_1_261' title='bbox 236 3181 330 3234; x_wconf 80' lang='lat' dir='ltr'>tunitaa</span> <span class='ocrx_word' id='word_1_262' title='bbox 351 3169 469 3253; x_wconf 40' lang='lat' dir='ltr'>tanta-p*</span> <span class='ocrx_word' id='word_1_263' title='bbox 466 3181 513 3232; x_wconf 91' lang='lat' dir='ltr'>rrit.</span> <span class='ocrx_word' id='word_1_264' title='bbox 564 3182 612 3233; x_wconf 91' lang='lat' dir='ltr'>nde</span> <span class='ocrx_word' id='word_1_265' title='bbox 625 3180 770 3232; x_wconf 84' lang='lat' dir='ltr'>convocatis</span> <span class='ocrx_word' id='word_1_266' title='bbox 786 3179 922 3232; x_wconf 88' lang='lat' dir='ltr'>maioribus</span> <span class='ocrx_word' id='word_1_267' title='bbox 937 3179 987 3247; x_wconf 91' lang='lat' dir='ltr'>ipse</span> <span class='ocrx_word' id='word_1_268' title='bbox 1001 3197 1082 3248; x_wconf 79' lang='lat' dir='ltr'>primo</span> <span class='ocrx_word' id='word_1_269' title='bbox 1101 3171 1267 3242; x_wconf 55' lang='lat' dir='ltr'>oidsdeinde</span> 
     </span>
     <span class='ocr_line' id='line_1_30' title="bbox 75 3259 1266 3350; baseline 0.002 -40"><span class='ocrx_word' id='word_1_270' title='bbox 75 3260 434 3350; x_wconf 28' lang='lat' dir='ltr'>pp&#39;stpfflrahsediolanentia</span> <span class='ocrx_word' id='word_1_271' title='bbox 456 3261 539 3314; x_wconf 87' lang='lat' dir='ltr'>archie</span> <span class='ocrx_word' id='word_1_272' title='bbox 558 3261 655 3330; x_wconf 79' lang='lat' dir='ltr'>iscopus</span> <span class='ocrx_word' id='word_1_273' title='bbox 668 3263 691 3312; x_wconf 75' lang='lat' dir='ltr'>st</span> <span class='ocrx_word' id='word_1_274' title='bbox 705 3260 745 3326; x_wconf 83' lang='lat' dir='ltr'>alij</span> <span class='ocrx_word' id='word_1_275' title='bbox 760 3259 867 3312; x_wconf 78' lang='lat' dir='ltr'>similiter</span> <span class='ocrx_word' id='word_1_276' title='bbox 880 3259 986 3328; x_wconf 84' lang='lat' dir='ltr'>episcopi</span> <span class='ocrx_word' id='word_1_277' title='bbox 1000 3259 1138 3311; x_wconf 84' lang='lat' dir='ltr'>suadebant</span> <span class='ocrx_word' id='word_1_278' title='bbox 1152 3260 1266 3329; x_wconf 77' lang='lat' dir='ltr'>progres-</span> 
     </span>
     <span class='ocr_line' id='line_1_31' title="bbox 91 3279 1266 3418; baseline 0.001 -26"><span class='ocrx_word' id='word_1_279' title='bbox 91 3331 96 3342; x_wconf 78' lang='lat'>&#39;</span> <span class='ocrx_word' id='word_1_280' title='bbox 238 3343 289 3394; x_wconf 87' lang='lat' dir='ltr'>sum</span> <span class='ocrx_word' id='word_1_281' title='bbox 307 3355 393 3395; x_wconf 86' lang='lat' dir='ltr'>contra</span> <span class='ocrx_word' id='word_1_282' title='bbox 408 3279 616 3418; x_wconf 51' lang='lat' dir='ltr'>sntdanuanut</span> <span class='ocrx_word' id='word_1_283' title='bbox 633 3341 711 3393; x_wconf 87' lang='lat' dir='ltr'>castra</span> <span class='ocrx_word' id='word_1_284' title='bbox 731 3343 773 3392; x_wconf 88' lang='lat' dir='ltr'>sua</span> <span class='ocrx_word' id='word_1_285' title='bbox 794 3340 910 3409; x_wconf 89' lang='lat' dir='ltr'>posuerat</span> <span class='ocrx_word' id='word_1_286' title='bbox 932 3340 1003 3408; x_wconf 89' lang='lat' dir='ltr'>super</span> <span class='ocrx_word' id='word_1_287' title='bbox 1014 3339 1100 3392; x_wconf 89' lang='lat' dir='ltr'>Nilum</span> <span class='ocrx_word' id='word_1_288' title='bbox 1120 3341 1207 3393; x_wconf 90' lang='lat' dir='ltr'>itinere</span> <span class='ocrx_word' id='word_1_289' title='bbox 1218 3340 1266 3394; x_wconf 88' lang='lat' dir='ltr'>diei</span> 
     </span>
     <span class='ocr_line' id='line_1_32' title="bbox 237 3419 1266 3474; baseline 0 0"><span class='ocrx_word' id='word_1_290' title='bbox 237 3421 309 3474; x_wconf 76' lang='lat' dir='ltr'>unius</span> <span class='ocrx_word' id='word_1_291' title='bbox 328 3440 342 3472; x_wconf 92' lang='lat' dir='ltr'>a</span> <span class='ocrx_word' id='word_1_292' title='bbox 364 3422 493 3474; x_wconf 83' lang='lat' dir='ltr'>Damiata.</span> <span class='ocrx_word' id='word_1_293' title='bbox 526 3421 574 3474; x_wconf 89' lang='lat' dir='ltr'>Sed</span> <span class='ocrx_word' id='word_1_294' title='bbox 601 3421 689 3473; x_wconf 88' lang='lat' dir='ltr'>milites</span> <span class='ocrx_word' id='word_1_295' title='bbox 710 3420 797 3472; x_wconf 87' lang='lat' dir='ltr'>habita</span> <span class='ocrx_word' id='word_1_296' title='bbox 819 3419 999 3472; x_wconf 89' lang='lat' dir='ltr'>deliberatione</span> <span class='ocrx_word' id='word_1_297' title='bbox 1021 3419 1077 3472; x_wconf 88' lang='lat' dir='ltr'>huic</span> <span class='ocrx_word' id='word_1_298' title='bbox 1100 3421 1266 3474; x_wconf 84' lang='lat' dir='ltr'>exhortationi</span> 
     </span>
     <span class='ocr_line' id='line_1_33' title="bbox 238 3481 1265 3587; baseline 0.001 -34"><span class='ocrx_word' id='word_1_299' title='bbox 238 3502 453 3587; x_wconf 56' lang='lat' dir='ltr'>(Qadixerunt,</span> <span class='ocrx_word' id='word_1_300' title='bbox 467 3502 532 3553; x_wconf 85' lang='lat' dir='ltr'>hanc</span> <span class='ocrx_word' id='word_1_301' title='bbox 543 3481 767 3572; x_wconf 58' lang='lat' dir='ltr'>”cffimaxtme</span> <span class='ocrx_word' id='word_1_302' title='bbox 781 3499 971 3568; x_wconf 59' lang='lat' dir='ltr'>pretendentem</span> <span class='ocrx_word' id='word_1_303' title='bbox 980 3501 1061 3568; x_wconf 45' lang='lat' dir='ltr'>,quod</span> <span class='ocrx_word' id='word_1_304' title='bbox 1075 3501 1265 3574; x_wconf 29' lang='lat' dir='ltr'>rex-Ierusalem</span> 
     </span>
     <span class='ocr_line' id='line_1_34' title="bbox 237 3573 1265 3651; baseline -0.001 -17"><span class='ocrx_word' id='word_1_305' title='bbox 237 3584 324 3635; x_wconf 85' lang='lat' dir='ltr'>aberat</span> <span class='ocrx_word' id='word_1_306' title='bbox 336 3573 445 3651; x_wconf 61' lang='lat' dir='ltr'>prdidi</span> <span class='ocrx_word' id='word_1_307' title='bbox 455 3579 590 3644; x_wconf 81' lang='lat' dir='ltr'>¹voluntatis</span> <span class='ocrx_word' id='word_1_308' title='bbox 602 3581 706 3632; x_wconf 86' lang='lat' dir='ltr'>arbitrio</span> <span class='ocrx_word' id='word_1_309' title='bbox 719 3597 766 3632; x_wconf 88' lang='lat' dir='ltr'>nec</span> <span class='ocrx_word' id='word_1_310' title='bbox 779 3579 841 3630; x_wconf 82' lang='lat' dir='ltr'>aliua</span> <span class='ocrx_word' id='word_1_311' title='bbox 853 3579 967 3649; x_wconf 88' lang='lat' dir='ltr'>princeps</span> <span class='ocrx_word' id='word_1_312' title='bbox 982 3579 1091 3630; x_wconf 87' lang='lat' dir='ltr'>militaris</span> <span class='ocrx_word' id='word_1_313' title='bbox 1108 3581 1206 3648; x_wconf 73' lang='lat' dir='ltr'>aderat,</span> <span class='ocrx_word' id='word_1_314' title='bbox 1225 3577 1265 3633; x_wconf 85' lang='lat' dir='ltr'>cui</span> 
     </span>
     <span class='ocr_line' id='line_1_35' title="bbox 232 3645 1266 3732; baseline 0 -18"><span class='ocrx_word' id='word_1_315' title='bbox 232 3645 463 3732; x_wconf 58' lang='lat' dir='ltr'>{iiidicersarum</span> <span class='ocrx_word' id='word_1_316' title='bbox 481 3661 610 3713; x_wconf 90' lang='lat' dir='ltr'>nationum</span> <span class='ocrx_word' id='word_1_317' title='bbox 630 3661 732 3712; x_wconf 88' lang='lat' dir='ltr'>obedire</span> <span class='ocrx_word' id='word_1_318' title='bbox 746 3660 827 3724; x_wconf 87' lang='lat' dir='ltr'>vellet,</span> <span class='ocrx_word' id='word_1_319' title='bbox 850 3659 882 3710; x_wconf 92' lang='lat' dir='ltr'>ad</span> <span class='ocrx_word' id='word_1_320' title='bbox 898 3660 1055 3711; x_wconf 87' lang='lat' dir='ltr'>educendum</span> <span class='ocrx_word' id='word_1_321' title='bbox 1077 3662 1198 3730; x_wconf 90' lang='lat' dir='ltr'>populum</span> <span class='ocrx_word' id='word_1_322' title='bbox 1213 3663 1266 3714; x_wconf 94' lang='lat' dir='ltr'>Do·</span> 
     </span>
     <span class='ocr_line' id='line_1_36' title="bbox 237 3738 1264 3808; baseline 0 -16"><span class='ocrx_word' id='word_1_323' title='bbox 237 3741 307 3805; x_wconf 87' lang='lat' dir='ltr'>mini,</span> <span class='ocrx_word' id='word_1_324' title='bbox 328 3743 352 3792; x_wconf 81' lang='lat' dir='ltr'>dt</span> <span class='ocrx_word' id='word_1_325' title='bbox 372 3741 404 3793; x_wconf 84' lang='lat' dir='ltr'>fic</span> <span class='ocrx_word' id='word_1_326' title='bbox 423 3742 612 3793; x_wconf 88' lang='lat' dir='ltr'>concordabant</span> <span class='ocrx_word' id='word_1_327' title='bbox 625 3741 657 3792; x_wconf 87' lang='lat' dir='ltr'>ad</span> <span class='ocrx_word' id='word_1_328' title='bbox 670 3741 763 3803; x_wconf 88' lang='lat' dir='ltr'>ocium,</span> <span class='ocrx_word' id='word_1_329' title='bbox 785 3757 815 3790; x_wconf 90' lang='lat' dir='ltr'>ex</span> <span class='ocrx_word' id='word_1_330' title='bbox 834 3755 886 3808; x_wconf 89' lang='lat' dir='ltr'>quo</span> <span class='ocrx_word' id='word_1_331' title='bbox 906 3738 971 3790; x_wconf 88' lang='lat' dir='ltr'>mala</span> <span class='ocrx_word' id='word_1_332' title='bbox 991 3739 1156 3808; x_wconf 87' lang='lat' dir='ltr'>multiplicata</span> <span class='ocrx_word' id='word_1_333' title='bbox 1170 3740 1264 3792; x_wconf 91' lang='lat' dir='ltr'>suntin</span> 
     </span>
     <span class='ocr_line' id='line_1_37' title="bbox 228 3813 330 3874; baseline 0 0"><span class='ocrx_word' id='word_1_334' title='bbox 228 3813 330 3874; x_wconf 71' lang='lat' dir='ltr'>‘calicia</span> 
     </span>
     <span class='ocr_line' id='line_1_38' title="bbox 275 3887 1264 3970; baseline 0.001 -17"><span class='ocrx_word' id='word_1_335' title='bbox 275 3901 365 3954; x_wconf 87' lang='lat' dir='ltr'>Mense</span> <span class='ocrx_word' id='word_1_336' title='bbox 382 3900 442 3953; x_wconf 89' lang='lat' dir='ltr'>iulio</span> <span class='ocrx_word' id='word_1_337' title='bbox 460 3899 597 3969; x_wconf 84' lang='lat' dir='ltr'>supervenit</span> <span class='ocrx_word' id='word_1_338' title='bbox 611 3917 695 3952; x_wconf 81' lang='lat' dir='ltr'>comes</span> <span class='ocrx_word' id='word_1_339' title='bbox 716 3900 849 3952; x_wconf 76' lang='lat' dir='ltr'>Mattheus</span> <span class='ocrx_word' id='word_1_340' title='bbox 870 3899 902 3950; x_wconf 95' lang='lat' dir='ltr'>de</span> <span class='ocrx_word' id='word_1_341' title='bbox 919 3899 1015 3966; x_wconf 85' lang='lat' dir='ltr'>Apulia</span> <span class='ocrx_word' id='word_1_342' title='bbox 1035 3916 1093 3950; x_wconf 90' lang='lat' dir='ltr'>cum</span> <span class='ocrx_word' id='word_1_343' title='bbox 1114 3887 1165 3967; x_wconf 85' lang='lat' dir='ltr'>viij.</span> <span class='ocrx_word' id='word_1_344' title='bbox 1177 3901 1264 3970; x_wconf 82' lang='lat' dir='ltr'>galeis,</span> 
     </span>
     <span class='ocr_line' id='line_1_39' title="bbox 237 3977 1146 4051; baseline -0.001 -18"><span class='ocrx_word' id='word_1_345' title='bbox 237 3998 343 4051; x_wconf 85' lang='lat' dir='ltr'>quarum</span> <span class='ocrx_word' id='word_1_346' title='bbox 355 3982 419 4033; x_wconf 84' lang='lat' dir='ltr'>duaa</span> <span class='ocrx_word' id='word_1_347' title='bbox 431 3980 548 4033; x_wconf 79' lang='lat' dir='ltr'>cursarius</span> <span class='ocrx_word' id='word_1_348' title='bbox 566 3979 706 4032; x_wconf 79' lang='lat' dir='ltr'>insidianter</span> <span class='ocrx_word' id='word_1_349' title='bbox 720 3978 855 4032; x_wconf 83' lang='lat' dir='ltr'>christianis</span> <span class='ocrx_word' id='word_1_350' title='bbox 869 3979 934 4046; x_wconf 89' lang='lat' dir='ltr'>cepit</span> <span class='ocrx_word' id='word_1_351' title='bbox 949 3979 972 4030; x_wconf 87' lang='lat' dir='ltr'>in</span> <span class='ocrx_word' id='word_1_352' title='bbox 990 3977 1030 4031; x_wconf 84' lang='lat' dir='ltr'>via</span> <span class='ocrx_word' id='word_1_353' title='bbox 1043 3980 1146 4032; x_wconf 87' lang='lat' dir='ltr'>matina.</span> 
     </span>
    </p>
   </div>
   <div class='ocr_carea' id='block_1_5' title="bbox 237 4053 1764 4412">
    <p class='ocr_par' dir='ltr' id='par_1_5' title="bbox 237 4053 1764 4412">
     <span class='ocr_line' id='line_1_40' title="bbox 263 4053 1334 4141; baseline -0.003 -20"><span class='ocrx_word' id='word_1_354' title='bbox 263 4057 402 4121; x_wconf 84' lang='lat' dir='ltr'>Deinde</span> <span class='ocrx_word' id='word_1_355' title='bbox 420 4057 564 4121; x_wconf 84' lang='lat' dir='ltr'>Damiata</span> <span class='ocrx_word' id='word_1_356' title='bbox 584 4078 655 4120; x_wconf 91' lang='lat' dir='ltr'>cum</span> <span class='ocrx_word' id='word_1_357' title='bbox 677 4056 780 4119; x_wconf 85' lang='lat' dir='ltr'>multis</span> <span class='ocrx_word' id='word_1_358' title='bbox 799 4055 952 4118; x_wconf 87' lang='lat' dir='ltr'>laboribus</span> <span class='ocrx_word' id='word_1_359' title='bbox 973 4053 1153 4138; x_wconf 80' lang='lat' dir='ltr'>sumptuosis</span> <span class='ocrx_word' id='word_1_360' title='bbox 1176 4073 1334 4141; x_wconf 71' lang='lat' dir='ltr'>captatur</span> 
     </span>
     <span class='ocr_line' id='line_1_41' title="bbox 237 4141 1283 4244; baseline -0.006 -30"><span class='ocrx_word' id='word_1_361' title='bbox 237 4151 476 4232; x_wconf 83' lang='lat' dir='ltr'>&amp;perannum</span> <span class='ocrx_word' id='word_1_362' title='bbox 501 4147 550 4210; x_wconf 90' lang='lat' dir='ltr'>vel</span> <span class='ocrx_word' id='word_1_363' title='bbox 578 4147 707 4228; x_wconf 87' lang='lat' dir='ltr'>amplius</span> <span class='ocrx_word' id='word_1_364' title='bbox 733 4169 751 4208; x_wconf 84' lang='lat' dir='ltr'>a</span> <span class='ocrx_word' id='word_1_365' title='bbox 780 4145 887 4208; x_wconf 86' lang='lat' dir='ltr'>nostris</span> <span class='ocrx_word' id='word_1_366' title='bbox 912 4141 1044 4226; x_wconf 85' lang='lat' dir='ltr'>possessa,</span> <span class='ocrx_word' id='word_1_367' title='bbox 1069 4144 1283 4244; x_wconf 39' lang='lat' dir='ltr'>postmodum*</span> 
     </span>
     <span class='ocr_line' id='line_1_42' title="bbox 238 4233 1281 4322; baseline -0.004 -20"><span class='ocrx_word' id='word_1_368' title='bbox 238 4238 361 4322; x_wconf 78' lang='lat' dir='ltr'>Pelagio</span> <span class='ocrx_word' id='word_1_369' title='bbox 382 4236 528 4300; x_wconf 88' lang='lat' dir='ltr'>cardinali</span> <span class='ocrx_word' id='word_1_370' title='bbox 549 4237 579 4298; x_wconf 80' lang='lat' dir='ltr'>dt</span> <span class='ocrx_word' id='word_1_371' title='bbox 592 4236 691 4320; x_wconf 80' lang='lat' dir='ltr'>legato</span> <span class='ocrx_word' id='word_1_372' title='bbox 706 4234 896 4317; x_wconf 86' lang='lat' dir='ltr'>Templariis</span> <span class='ocrx_word' id='word_1_373' title='bbox 910 4234 940 4296; x_wconf 87' lang='lat'>&amp;</span> <span class='ocrx_word' id='word_1_374' title='bbox 954 4233 1164 4317; x_wconf 84' lang='lat' dir='ltr'>Hospitalariis</span> <span class='ocrx_word' id='word_1_375' title='bbox 1179 4251 1262 4298; x_wconf 90' lang='lat' dir='ltr'>toto·</span> <span class='ocrx_word' id='word_1_376' title='bbox 1277 4245 1281 4321; x_wconf 68' lang='grc' dir='ltr'><em>ξ</em></span> 
     </span>
     <span class='ocr_line' id='line_1_43' title="bbox 237 4320 1764 4412; baseline -0.004 -23"><span class='ocrx_word' id='word_1_377' title='bbox 237 4349 298 4412; x_wconf 90' lang='lat' dir='ltr'>que</span> <span class='ocrx_word' id='word_1_378' title='bbox 322 4327 456 4390; x_wconf 89' lang='lat' dir='ltr'>exercitu</span> <span class='ocrx_word' id='word_1_379' title='bbox 480 4325 721 4403; x_wconf 87' lang='lat' dir='ltr'>christianorum,</span> <span class='ocrx_word' id='word_1_380' title='bbox 744 4339 874 4408; x_wconf 87' lang='lat' dir='ltr'>excepto</span> <span class='ocrx_word' id='word_1_381' title='bbox 900 4345 971 4407; x_wconf 87' lang='lat' dir='ltr'>rege</span> <span class='ocrx_word' id='word_1_382' title='bbox 995 4320 1121 4410; x_wconf 59' lang='lat' dir='ltr'>Qie‘</span> <span class='ocrx_word' id='word_1_383' title='bbox 1145 4325 1348 4406; x_wconf 53' lang='lat' dir='ltr'>‹pti-,pbrM</span> <span class='ocrx_word' id='word_1_384' title='bbox 1400 4332 1445 4370; x_wconf 75' lang='grc'><strong>”’·’</strong></span> <span class='ocrx_word' id='word_1_385' title='bbox 1470 4331 1587 4366; x_wconf 69' lang='grc'><strong>’··’“’”</strong></span> <span class='ocrx_word' id='word_1_386' title='bbox 1693 4365 1702 4394; x_wconf 69' lang='lat'>-„</span> <span class='ocrx_word' id='word_1_387' title='bbox 1744 4357 1764 4383; x_wconf 59' lang='lat' dir='ltr'>n</span> 
     </span>
    </p>
   </div>
   <div class='ocr_carea' id='block_1_6' title="bbox 0 0 1832 5648">
    <p class='ocr_par' dir='ltr' id='par_1_6' title="bbox 0 0 1832 5648">
     <span class='ocr_line' id='line_1_44' title="bbox 0 0 1832 5648; baseline 0 3"><span class='ocrx_word' id='word_1_388' title='bbox 0 0 1832 5648; x_wconf 95' lang='lat' dir='ltr'> </span> 
     </span>
    </p>
   </div>
  </div>
 </body>
</html>
