3716 5628
419 547 429 604 r
439 546 513 632 70.
550 511 760 634 &cardus
783 510 833 605 de
856 514 896 604 S.
926 512 1141 605 Germano.
1210 543 1295 636 245

272 776 343 838 lecit
356 774 387 838 bt
401 796 419 837 a
432 774 602 838 sarracenis
624 775 734 838 incolis
760 775 865 853 deseri,
890 775 994 857 paucis
1017 773 1100 836 inea
1119 773 1298 839 christicolis
1314 798 1372 848 ηις

272 863 505 927 remanentibus.
530 862 656 926 Interim
679 862 829 926 christiani
852 864 1007 926 civitatem
1030 860 1173 926 Damiate
1194 878 1299 928 tenent

271 951 470 1033 &poffidene
483 951 560 1015 &ab
572 954 656 1014 onmi
672 951 814 1034 spurcitia
827 972 1015 1034 paganorum
1031 951 1212 1015 mundantes
1226 973 1299 1014 ean-

271 1040 353 1117 dem,
372 1038 550 1102 construunt
564 1039 595 1101 in
610 1059 646 1102 ea
658 1037 799 1102 ecclesias
823 1040 859 1101 ad
875 1039 996 1102 laudem
1011 1039 1182 1122 &gloriam
1196 1041 1298 1102 nomi-

270 1129 318 1190 nis
333 1125 398 1189 lesu
413 1126 536 1192 Christi.
560 1126 709 1191 Soldanus
731 1149 804 1189 vero
827 1127 928 1189 animo
944 1126 1116 1209 viribusque
1130 1127 1298 1210 resumptis,

271 1216 449 1280 christianos
472 1238 535 1279 non
561 1213 651 1278 cessat
672 1216 820 1299 usquead
841 1237 964 1300 aggeres
982 1218 1096 1280 cotidie
1110 1218 1298 1300 impugnare,

272 1305 378 1368 nostris
393 1322 494 1368 tarnen
509 1304 538 1368 se
551 1305 680 1368 viriliter
695 1305 848 1368 tuentibus
863 1305 893 1368 bt
908 1306 1079 1369 tenentibus
1094 1323 1201 1369 contra
1219 1306 1297 1369 illos.

181 1423 202 1467 p.
215 1419 257 1466 34¹
313 1394 383 1457 Hoc
404 1416 484 1457 anno
499 1391 639 1458 vicesima
660 1415 677 1456 a
691 1392 823 1477 personis
837 1391 1053 1475 ecclesiasticis,
1075 1418 1093 1457 a
1115 1395 1209 1480 laycis
1222 1417 1298 1458 vero
1313 1418 1369 1454 ιω

272 1483 391 1546 decima
416 1503 469 1566 pro
490 1482 617 1546 subsidio
631 1481 734 1546 Terre
747 1482 856 1546 SanEle
878 1505 931 1566 per
954 1500 1054 1546 totum
1068 1506 1196 1567 regnum
1210 1484 1299 1547 colli-

270 1571 362 1653 gitur,
382 1571 480 1654 &per
495 1571 691 1638 Gualterium
713 1572 751 1634 de
767 1568 902 1634 Palearia
917 1574 1000 1654 regni
1021 1573 1248 1654 caricellarium,
1268 1572 1298 1635 bt

272 1679 325 1739 per
340 1659 510 1723 Henricum
524 1662 562 1723 de
581 1660 681 1724 Malta
695 1662 852 1739 comitem,
877 1660 984 1722 marini
1001 1659 1077 1745 stolij
1094 1663 1299 1741 ammiratum,

271 1748 365 1831 ipsam
391 1747 569 1812 Damiatam
594 1747 777 1827 transmittit,
801 1748 872 1811 licet
897 1765 969 1810 tunc
995 1748 1140 1830 temporis
1165 1745 1299 1812 ammill'a

271 1837 362 1900 suerit
372 1836 472 1920 culpis
486 1839 677 1920 exigentibus
690 1835 843 1900 Damiata
858 1834 987 1920 Propter
998 1836 1084 1919 quod
1100 1836 1161 1919 ipse
1176 1836 1298 1900 cancel-

270 1926 361 1990 larius
386 1927 462 1989 iram
486 1927 679 2014 imperatoris
703 1943 853 2005 metuens,
881 1927 910 1988 se
935 1926 1080 1989 Venetias
1104 1925 1245 2004 contulit,
1269 1926 1299 1989 ba

271 2014 370 2077 dietus
384 2035 489 2077 comes
508 2014 588 2077 redit
600 2017 632 2076 in
647 2034 785 2098 regnum,
808 2015 860 2097 qui
876 2014 914 2076 ab
929 2013 1112 2096 imperatore
1126 2028 1233 2095 captus
1248 2013 1300 2093 est,

271 2101 301 2165 δι
316 2119 425 2165 terram
440 2124 532 2186 quarn
547 2103 680 2182 tenebat,
694 2103 832 2181 ammisrt,
846 2123 898 2166 rex
912 2124 996 2180 vero,
1011 2102 1182 2184 patriarcha
1192 2099 1300 2166 lhero-

271 2191 468 2270 solimitanus,
490 2189 855 2274 Albaneubuepilkqurs,
870 2191 899 2254 δι
914 2192 1007 2254 ceteri
1022 2192 1074 2273 qui
1090 2191 1121 2253 in
1136 2190 1218 2254 bello
1233 2191 1299 2254 fue·

270 2294 337 2342 rant
350 2278 512 2358 christiani,
537 2279 588 2341 sub
603 2279 706 2342 securo
721 2278 835 2341 soldani
849 2278 1005 2340 conduslu
1020 2278 1056 2340 ad
1073 2279 1299 2341 Acconitanam

271 2367 400 2431 redeunt
414 2369 579 2431 civitatem.

272 2543 431 2631 Dirosatis
441 2542 590 2627 percuffus
604 2544 734 2624 uulnere,
844 2543 950 2625 Christi
962 2542 1049 2604 araus
1062 2542 1134 2605 iacet
1146 2542 1299 2615 exercitus‚·

299 2631 377 2693 Diro
390 2651 470 2712 cogor
477 2629 606 2716 fingultu
620 2631 698 2694 luere
848 2631 927 2694 Unde
932 2631 1035 2713 pudor,
1046 2631 1121 2693 dolor
1130 2631 1308 2712 &gentituss

305 2717 575 2798 Veb,lamentaon&
586 2743 698 2784 carmen
711 2723 754 2782 di-
816 2721 893 2805 Quis
919 2742 971 2781 non
995 2733 1083 2782 meret
1105 2718 1151 2780 boc
1176 2719 1300 2800 insorta-

696 2834 756 2873 cere
1204 2807 1304 2869 nium?

299 2895 404 2976 Nostro
414 2896 502 2977 gentis
520 2897 552 2959 de
566 2920 601 2959 ca
616 2921 633 2958 u
648 2809 756 2986 milen,
845 2895 951 2958 Latius
962 2918 1014 2958 ora
1023 2807 1301 2981 conslusttoninium‚·

273 2983 461 3069 Questgnata
475 2898 715 3070 crucislgnaculo
844 2985 1075 3069 Roma,caput&
1079 2998 1170 3048 mater
1178 2987 1303 3066 urbium,

300 3071 399 3134 Crucis
413 3071 481 3152 hosti
493 3075 563 3135 cedit
575 3072 722 3157 allophilo,·
846 3074 936 3138 Omna
949 3074 999 3136 tibi
1011 3074 1111 3156 defecit
1119 3073 1266 3156 gaudium.

299 3160 367 3222 Non
371 3159 412 3244 fit
416 3175 514 3243 pugna
526 3163 585 3250 ense
594 3162 646 3224 vel
649 3163 755 3241 baculo,
819 3163 878 3226 Per
892 3177 916 3224 te
930 3163 1009 3224 venit
1020 3161 1066 3224 bec
1081 3162 1235 3240 tribulatio,

299 3250 344 3311 Set
352 3264 492 3334 premente
501 3251 597 3333 saonis
609 3252 756 3334 pericula,·
844 3251 957 3313 Mundi
979 3251 1079 3333 plorat
1107 3273 1191 3331 quam
1218 3253 1302 3314 omnis

272 3339 409 3425 Quantus
431 3340 518 3419 dolor,
542 3354 649 3421 quanta
673 3343 721 3402 cal
739 3376 754 3388 -
1198 3339 1302 3422 [natin-

653 3430 756 3512 [rnitas,
845 3427 1003 3508 Christiane
1017 3429 1086 3490 cedis
1100 3427 1202 3513 occasto

300 3516 399 3599 Oquis
406 3518 509 3601 pudor,
519 3517 609 3599 qualis
620 3521 755 3599 anxietas,
847 3515 892 3579 Tu
898 3517 954 3599 sui
977 3515 1056 3601 i,·sts
1069 3517 1229 3580 relevatio!

298 3604 388 3688 Quod
390 3606 542 3694 succubuit
558 3605 755 3692 rbrssianitas,
819 3605 853 3668 ln
868 3619 892 3667 te
896 3606 1002 3688 forma
1006 3605 1096 3688 satta
1111 3606 1217 3687 concilij

300 3693 446 3778 Inpiorum
456 3696 564 3776 gaudet
574 3697 698 3779 inpietas.
845 3695 970 3782 Causam
984 3694 1060 3755 dedit
1071 3694 1151 3756 buius
1164 3695 1248 3776 exilrj.

233 3763 337 3895 (Iesu
352 3785 426 3862 bone,
434 3782 685 3868 fisasfidicere,
844 3781 925 3864 Agar
939 3783 1013 3845 nobis
1025 3782 1162 3870 insultant
1166 3783 1236 3868 filij,

233 3898 255 3961 (p
300 3869 410 3955 Curſsc
419 3872 531 3955 placuit
543 3894 589 3935 nos
602 3875 727 3948 deicere,·
849 3869 907 3932 Tui
910 3871 1055 3959 spernunt
1066 3871 1143 3933 vires
1158 3873 1268 3955 auxilij.

235 3968 238 3977 “
300 3959 388 4022 Mori
393 3960 556 4044 malequam
563 3963 640 4025 ultra
646 3965 756 4044 vivere,
819 3961 973 4038 Darniatu,
988 3983 1038 4042 qua
1051 3973 1089 4020 tot
1100 3961 1243 4024 laboribus

304 4049 387 4112 Vinci
393 4051 490 4114 videns
498 4052 620 4114 debentes
628 4054 739 4116 vincere
748 4055 763 4116 s
849 4047 902 4110 ‘l'ot
914 4047 1008 4134 effusts
1023 4061 1113 4131 erupta
1127 4051 1282 4128 cruoribus,

240 4182 246 4225 ·.
272 4138 348 4222 Quis
361 4140 390 4200 in
404 4153 480 4202 tanto
493 4140 584 4202 dolore
594 4140 707 4226 posttus,
845 4137 1010 4220 Christianis
1024 4137 1087 4199 olim
1098 4139 1278 4221 principibus,
1394 4177 1399 4188 ·

246 4228 350 4338 Qui
362 4230 432 4292 diem
446 4251 498 4290 non
512 4242 582 4312 optet
594 4231 700 4295 rbitris?
846 4226 984 4310 Parussi,
994 4247 1066 4286 nunc
1073 4240 1161 4309 pares
1170 4225 1310 4308 hostibus!
