3726 5628
576 549 657 636 ¹70
718 515 961 646 ‘sessimonia
984 515 1024 606 in
1050 513 1270 605 Germania
1281 511 1460 644 scripta.

564 757 624 819 hoc
646 754 790 818 evenerit
820 753 965 836 Moxque
986 752 1098 815 adiecit
1116 767 1215 815 mater
1236 751 1458 815 misericordie:
1482 749 1594 814 «Leva
1605 763 1637 825 11,
1648 775 1698 828 μς

566 844 699 907 ‹oculos
714 859 783 908 tuos
794 857 902 906 contra
913 863 1031 904 mare.»
1049 839 1148 927 Quod
1163 862 1235 904 cum
1249 840 1372 916 fecissen
1385 837 1594 922 contemplata

564 934 606 996 est
627 934 763 1017 pixidem
778 955 795 996 a
817 931 920 1016 pugile
935 927 1114 1014 perculsam,
1137 932 1169 992 in
1184 929 1355 994 summitate
1369 929 1520 992 fludluum
1539 947 1594 990 na·

564 1037 689 1088 tantem.
713 1020 788 1109 Qut
812 1043 884 1084 cum
907 1021 937 1084 in
960 1034 1078 1082 tantum
1094 1016 1336 1101 approximasset,
1360 1034 1395 1082 ut
1409 1013 1594 1100 polletcog·

563 1111 657 1191 nosci,
671 1113 714 1175 ait
729 1111 856 1176 :rEcce
871 1129 985 1192 corpus
997 1106 1051 1191 filij
1068 1108 1138 1172 mei.
1151 1105 1188 1169 In
1203 1107 1273 1171 loco
1282 1105 1594 1188 enimubidispcrsum

566 1200 642 1280 ‹est,
653 1199 822 1264 edificanda
830 1194 1015 1277 estecclesra,
1027 1195 1158 1262 &debet
1170 1199 1198 1262 ei
1209 1213 1293 1261 tanta
1302 1195 1437 1259 exhiberi
1450 1215 1593 1257 reveren·

566 1315 579 1350 ι
592 1291 643 1369 tia,
654 1289 813 1374 quomodo
826 1286 984 1371 sepulchro
995 1285 1162 1349 dominico.
1174 1286 1246 1349 Hoc
1258 1287 1350 1349 etiam
1362 1285 1495 1362 noveris,
1509 1282 1593 1366 quod

566 1379 682 1442 «ambo
697 1379 810 1440 mortui
826 1376 904 1456 sunt,
924 1374 1008 1459 pugil
1022 1372 1137 1438 scilicet
1150 1375 1180 1439 δι
1194 1374 1341 1439 sacerdos.
1367 1372 1425 1438 Sed
1451 1371 1545 1458 pugil,
1555 1393 1593 1435 eo

565 1466 674 1552 «quod
687 1462 748 1528 sme
763 1467 950 1529 contritione
962 1463 1082 1543 obierit,
1095 1462 1229 1547 sepultus
1243 1463 1285 1526 ell
1296 1464 1327 1525 in
1343 1462 1483 1538 inferno;
1497 1460 1593 1523 sacer-

564 1581 577 1614 «
590 1556 646 1618 dos
658 1576 731 1617 vero
745 1555 844 1617 adhuc
856 1570 977 1616 tenetur
988 1553 1020 1615 in
1033 1553 1219 1636 purgatorio.
1233 1577 1247 1610 ›
1261 1550 1380 1615 Retulit
1392 1566 1493 1614 tamen
1504 1549 1594 1612 nobis

561 1643 793 1722 Theodoricus,
808 1643 892 1724 prior
906 1644 944 1704 de
959 1637 1063 1720 Yell‘e,
1075 1642 1209 1704 eundem
1231 1640 1377 1725 pugilem,
1392 1655 1542 1723 quantum
1555 1639 1592 1700 ad

561 1731 642 1816 signa
653 1731 803 1795 exteriora
812 1747 882 1794 curn
893 1730 1142 1814 proficisceretur,
1148 1730 1217 1794 satis
1226 1750 1368 1814 magnam
1374 1724 1510 1792 habuisse
1517 1748 1594 1792 coo·

562 1821 736 1898 tritionem3
751 1819 800 1883 sed
815 1819 1004 1884 credendum
1019 1818 1062 1881 est
1075 1819 1162 1882 beate
1176 1815 1241 1882 Dei
1256 1817 1428 1883 Genetrici.

968 2021 1039 2089 v111,
1051 2039 1074 2074 c.
1088 2025 1176 2084 27-28.

488 2193 548 2242 ¹2¹9
561 2174 612 2236 De
624 2171 753 2236 uindicta
767 2170 827 2235 Dei
838 2172 868 2232 in
889 2169 1081 2248 Damiatinos,
1094 2167 1142 2251 qui
1149 2169 1222 2251 sirm
1243 2167 1408 2253 crucifieum
1431 2181 1592 2232 traxerun-

601 2340 685 2404 Cum
699 2341 731 2403 in
746 2337 903 2402 obsidione
919 2339 1064 2402 Damiate
1078 2338 1212 2402 maxima
1220 2357 1289 2419 pars
1299 2336 1450 2400 exercitus
1462 2334 1592 2400 Domini
1604 2342 1637 2402 Η,
1648 2359 1671 2407 o
1683 2357 1731 2392 ¹0²

562 2429 734 2493 Sarracenis
749 2425 935 2507 occurrisset,
949 2427 1050 2491 nescio
1065 2448 1129 2511 quo
1144 2426 1206 2489 Dei
1223 2426 1337 2489 iudicio
1347 2424 1484 2490 infideles
1494 2425 1592 2489 fideli·

563 2518 619 2580 bus
633 2517 803 2602 superiores
817 2517 917 2580 effeed
934 2537 988 2580 eos
1009 2516 1040 2578 in
1065 2517 1167 2599 sugam
1189 2530 1356 2594 verterunt,
1366 2512 1480 2580 multos
1495 2537 1533 2578 ex
1549 2516 1592 2582 eis

561 2607 739 2671 occidentes
751 2606 782 2669 ἃ
797 2605 948 2688 plurimos
960 2605 1098 2687 captivos
1112 2603 1307 2669 abducentes.
1320 2601 1418 2690 Quod
1428 2620 1463 2667 ut
1476 2625 1593 2686 cogno-

560 2711 671 2758 verunt
690 2696 720 2758 in
736 2695 859 2758 civitate
874 2693 988 2772 obseffi,
1001 2693 1033 2757 in
1049 2709 1164 2756 tantam
1178 2691 1308 2756 letitiam
1322 2690 1444 2755 resoluti
1468 2690 1545 2771 sunt,
1559 2707 1593 2755 ut
1646 2757 1652 2764 ,

560 2784 591 2846 in
612 2780 822 2846 confusionem
843 2781 914 2846 fidei
931 2780 1032 2845 nostre
1059 2781 1203 2865 laqueum
1224 2779 1308 2844 collo
1327 2778 1464 2844 crucifixi
1486 2781 1592 2844 iniice-

559 2887 638 2950 rent,
652 2871 753 2956 licque
767 2870 881 2934 sacram
896 2871 981 2934 illam
1002 2871 1167 2954 imaginem
1183 2868 1251 2933 aliis
1271 2869 1382 2932 additis
1401 2869 1519 2934 iniuriis
1540 2890 1593 2953 per

560 2980 669 3024 omnes
691 2959 805 3042 plateas
824 2959 956 3022 civitatis
976 2959 1140 3037 traherent,
1164 2979 1236 3021 cum
1258 2956 1356 3019 multa
1372 2957 1593 3021 vociferatione

558 3045 588 3110 dt
611 3045 715 3130 plausu
735 3068 892 3126 manuum,
913 3046 1074 3111 visloriam
1092 3049 1152 3109 deo
1168 3045 1220 3108 suo
1241 3045 1432 3110 ascribentes.
1454 3043 1593 3111 Christus

559 3157 632 3200 vero
648 3137 702 3220 qui
717 3135 899 3200 mortuus&
921 3133 1004 3220 quast
1025 3135 1139 3200 nullius
1163 3134 1276 3198 valoris
1295 3133 1466 3213 videbatur,
1478 3135 1510 3198 in
1530 3151 1592 3198 tam

558 3225 722 3288 execrabili
744 3224 845 3308 culpa,
860 3225 927 3308 post
947 3225 1040 3287 breve
1060 3239 1182 3306 tempus
1202 3222 1291 3286 valde
1315 3221 1490 3286 terribiliter
1512 3225 1592 3286 revi-

559 3313 672 3377 viscere
688 3315 771 3397 cepit
788 3315 818 3376 in
833 3313 976 3377 vindicta.
991 3313 1076 3377 Nam
1091 3311 1305 3391 Damiatanos,
1319 3326 1353 3374 ut
1369 3331 1447 3394 pena
1458 3331 1592 3376 concor·

558 3403 642 3466 daret
656 3401 739 3466 illate
753 3403 874 3482 iniurie,
888 3401 1043 3465 ulceribus
1064 3401 1203 3484 percuslit
1217 3401 1247 3462 in
1260 3414 1382 3482 gutture
1396 3396 1437 3461 src
1451 3415 1485 3462 ut
1498 3401 1605 3464 etiam'

557 3490 672 3554 cibaria
687 3512 750 3556 non
763 3486 881 3574 possent
893 3489 1012 3574 glutire.
1032 3488 1127 3553 Paulo
1143 3487 1210 3572 post
1227 3488 1383 3550 civitatem
1398 3487 1491 3570 ipfim
1506 3489 1592 3552 inex·

557 3579 754 3663 pugnabilem
768 3580 812 3645 eis
827 3578 949 3642 abstulit
967 3577 1018 3641 sua
1036 3579 1148 3642 virtute
1167 3578 1210 3640 ita
1233 3591 1267 3638 ut
1287 3597 1346 3640 nec
1373 3597 1451 3640 unus
1471 3577 1501 3639 in
1525 3578 1590 3640 eius
1604 3602 1626 3650 p.
1640 3599 1684 3648 103

557 3667 722 3733 vastatione
757 3669 882 3732 caderet
899 3667 1087 3731 christianus.
1117 3665 1189 3730 Alia
1209 3664 1309 3727 adhuc
1332 3664 1420 3748 plura
1445 3666 1590 3730 miracula

556 3758 594 3819 de
614 3756 703 3822 sacris
725 3758 908 3842 imaginibus
936 3757 991 3819 tibi
1019 3757 1122 3819 dicere
1144 3752 1270 3838 possem,
1295 3752 1343 3816 sed
1369 3752 1462 3837 usque
1481 3757 1518 3818 ad
1536 3754 1590 3819 de-

555 3846 668 3909 cimam
693 3845 920 3910 distindlionem
947 3843 1000 3909 illa
1023 3843 1152 3908 reservo.
1181 3843 1253 3906 Hoc
1280 3841 1374 3904 etiam
1401 3840 1484 3922 scias,
1503 3843 1587 3927 quod

556 3931 648 4016 usque
671 3931 764 3996 hodie
790 3932 931 3998 Chrillus
966 3933 998 3996 in
1020 3931 1077 3996 suis
1101 3929 1245 3993 membris
1267 3927 1454 4010 crucifigitur
1468 3949 1590 3992 nunca

555 4017 668 4100 Iudeis,
690 4043 774 4084 nunc
795 4043 812 4083 a
833 4020 1014 4098 sarracenis,
1036 4037 1159 4082 nunca
1186 4013 1264 4080 salsis
1287 4014 1467 4078 christianis.
1494 4013 1588 4080 Unde

555 4131 610 4193 per
625 4108 816 4172 Malachiam
830 4109 1031 4192 conqueritur
1052 4107 1178 4170 dicens:
1202 4105 1232 4167 Si
1254 4103 1329 4166 homo
1349 4102 1460 4188 configit
1482 4103 1589 4183 Deum,

555 4197 622 4280 quia
636 4217 686 4259 vos
700 4219 742 4259 mc
763 4196 901 4282 configin's.
916 4193 1015 4260 Item:
1034 4195 1075 4260 Et
1096 4215 1147 4258 vor
1159 4217 1201 4258 me
1215 4190 1343 4276 configitis
1352 4213 1419 4272 gens
1432 4204 1488 4254 rota
1503 4189 1588 4264 (Ma-

555 4285 644 4364 lach„
657 4303 703 4366 111,
716 4285 792 4370 89).
811 4284 999 4350 Christianos
1019 4284 1128 4352 nostris
1152 4280 1340 4366 temporibus
1364 4299 1382 4341 a
1404 4275 1508 4344 Iudeis
1529 4279 1588 4343 esse
