<?xml version="1.0" encoding="UTF-8"?>
<!DOCTYPE html PUBLIC "-//W3C//DTD XHTML 1.0 Transitional//EN"
    "http://www.w3.org/TR/xhtml1/DTD/xhtml1-transitional.dtd">
<html xmlns="http://www.w3.org/1999/xhtml" xml:lang="en" lang="en">
 <head>
  <title>
</title>
<meta http-equiv="Content-Type" content="text/html;charset=utf-8" />
  <meta name='ocr-system' content='tesseract 3.04.00' />
  <meta name='ocr-capabilities' content='ocr_page ocr_carea ocr_par ocr_line ocrx_word'/>
</head>
<body>
  <div class='ocr_page' id='page_1' title='image "./testimoniaminor00rhgoog_0360.png"; bbox 0 0 3716 5628; ppageno 0'>
   <div class='ocr_carea' id='block_1_1' title="bbox 522 520 1283 649">
    <p class='ocr_par' dir='ltr' id='par_1_1' title="bbox 522 520 1283 649">
     <span class='ocr_line' id='line_1_1' title="bbox 522 520 1283 649; baseline -0.003 -32"><span class='ocrx_word' id='word_1_1' title='bbox 522 558 618 649; x_wconf 89' lang='lat'>199.</span> <span class='ocrx_word' id='word_1_2' title='bbox 654 523 812 616; x_wconf 85' lang='lat' dir='ltr'>Fsuvius</span> <span class='ocrx_word' id='word_1_3' title='bbox 834 520 1029 616; x_wconf 84' lang='lat' dir='ltr'>Bsondus.</span> <span class='ocrx_word' id='word_1_4' title='bbox 1194 553 1283 644; x_wconf 88' lang='lat'>277</span> 
     </span>
    </p>
   </div>
   <div class='ocr_carea' id='block_1_2' title="bbox 171 755 1389 4376">
    <p class='ocr_par' dir='ltr' id='par_1_2' title="bbox 171 755 1389 4376">
     <span class='ocr_line' id='line_1_2' title="bbox 256 755 1356 847; baseline -0.005 -23"><span class='ocrx_word' id='word_1_5' title='bbox 256 760 381 824; x_wconf 88' lang='lat' dir='ltr'>lentiam</span> <span class='ocrx_word' id='word_1_6' title='bbox 396 764 612 847; x_wconf 79' lang='lat' dir='ltr'>levitatemque</span> <span class='ocrx_word' id='word_1_7' title='bbox 621 763 804 846; x_wconf 85' lang='lat' dir='ltr'>castigavere</span> <span class='ocrx_word' id='word_1_8' title='bbox 815 761 919 824; x_wconf 90' lang='lat' dir='ltr'>multis</span> <span class='ocrx_word' id='word_1_9' title='bbox 929 782 1037 823; x_wconf 89' lang='lat' dir='ltr'>eorum</span> <span class='ocrx_word' id='word_1_10' title='bbox 1048 755 1131 838; x_wconf 89' lang='lat' dir='ltr'>celis,</span> <span class='ocrx_word' id='word_1_11' title='bbox 1145 760 1284 841; x_wconf 80' lang='lat' dir='ltr'><strong>plurimis</strong></span> <span class='ocrx_word' id='word_1_12' title='bbox 1298 785 1356 833; x_wconf 73' lang='lat'>1219</span> 
     </span>
     <span class='ocr_line' id='line_1_3' title="bbox 256 847 1284 934; baseline -0.001 -22"><span class='ocrx_word' id='word_1_13' title='bbox 256 847 1284 934; x_wconf 63' lang='lat' dir='ltr'>interceptiqinquibusGualteriusregisl&#39;ranciecamerarius,Milo</span> 
     </span>
     <span class='ocr_line' id='line_1_4' title="bbox 257 937 1285 1018; baseline -0.001 -17"><span class='ocrx_word' id='word_1_14' title='bbox 257 937 464 1002; x_wconf 86' lang='lat' dir='ltr'>Nantoliensrs</span> <span class='ocrx_word' id='word_1_15' title='bbox 479 939 695 1002; x_wconf 85' lang='lat' dir='ltr'>&amp;vicecomes</span> <span class='ocrx_word' id='word_1_16' title='bbox 710 937 819 1000; x_wconf 74' lang='lat' dir='ltr'>Sandie</span> <span class='ocrx_word' id='word_1_17' title='bbox 835 937 966 1000; x_wconf 90' lang='lat' dir='ltr'>Susanne</span> <span class='ocrx_word' id='word_1_18' title='bbox 986 937 1111 1000; x_wconf 89' lang='lat' dir='ltr'>ditiores</span> <span class='ocrx_word' id='word_1_19' title='bbox 1131 937 1285 1018; x_wconf 87' lang='lat' dir='ltr'>potentio-</span> 
     </span>
     <span class='ocr_line' id='line_1_5' title="bbox 256 1024 1314 1114; baseline -0.002 -26"><span class='ocrx_word' id='word_1_20' title='bbox 256 1026 360 1109; x_wconf 86' lang='lat' dir='ltr'>resque</span> <span class='ocrx_word' id='word_1_21' title='bbox 374 1028 467 1090; x_wconf 89' lang='lat' dir='ltr'>fuere.</span> <span class='ocrx_word' id='word_1_22' title='bbox 478 1027 520 1090; x_wconf 89' lang='lat' dir='ltr'>Et</span> <span class='ocrx_word' id='word_1_23' title='bbox 534 1025 665 1110; x_wconf 89' lang='lat' dir='ltr'>loannes</span> <span class='ocrx_word' id='word_1_24' title='bbox 676 1049 730 1090; x_wconf 91' lang='lat' dir='ltr'>rex</span> <span class='ocrx_word' id='word_1_25' title='bbox 743 1032 869 1112; x_wconf 74' lang='lat' dir='ltr'>igne,ur</span> <span class='ocrx_word' id='word_1_26' title='bbox 879 1024 1043 1114; x_wconf 72' lang='lat' dir='ltr'>appellant,</span> <span class='ocrx_word' id='word_1_27' title='bbox 1054 1045 1146 1114; x_wconf 88' lang='lat' dir='ltr'>greco</span> <span class='ocrx_word' id='word_1_28' title='bbox 1159 1025 1314 1109; x_wconf 36' lang='lat' dir='ltr'>afflatu&amp;</span> 
     </span>
     <span class='ocr_line' id='line_1_6' title="bbox 257 1104 1286 1200; baseline -0.003 -23"><span class='ocrx_word' id='word_1_29' title='bbox 257 1117 340 1198; x_wconf 90' lang='lat' dir='ltr'>quod</span> <span class='ocrx_word' id='word_1_30' title='bbox 356 1116 470 1178; x_wconf 84' lang='lat' dir='ltr'>facibus</span> <span class='ocrx_word' id='word_1_31' title='bbox 496 1109 846 1200; x_wconf 66' lang='lat' dir='ltr'>tragulisque&#39;Sarraceni</span> <span class='ocrx_word' id='word_1_32' title='bbox 869 1104 1286 1191; x_wconf 63' lang='lat' dir='ltr'>immittere&#39;cd&#39;n&#39;sueverunt,</span> 
     </span>
     <span class='ocr_line' id='line_1_7' title="bbox 257 1201 1286 1292; baseline -0.003 -26"><span class='ocrx_word' id='word_1_33' title='bbox 257 1224 364 1267; x_wconf 87' lang='lat' dir='ltr'>manus</span> <span class='ocrx_word' id='word_1_34' title='bbox 380 1204 802 1292; x_wconf 58' lang='lat' dir='ltr'>sacqenrqrgeffluslusest.</span> <span class='ocrx_word' id='word_1_35' title='bbox 818 1201 975 1290; x_wconf 77' lang='lat' dir='ltr'>Quievere</span> <span class='ocrx_word' id='word_1_36' title='bbox 987 1201 1182 1284; x_wconf 88' lang='lat' dir='ltr'>postmodum</span> <span class='ocrx_word' id='word_1_37' title='bbox 1194 1201 1286 1264; x_wconf 87' lang='lat' dir='ltr'>chris-</span> 
     </span>
     <span class='ocr_line' id='line_1_8' title="bbox 258 1287 1286 1376; baseline -0.002 -22"><span class='ocrx_word' id='word_1_38' title='bbox 258 1287 481 1376; x_wconf 63' lang='lat' dir='ltr'>mnig&#39;fuitque</span> <span class='ocrx_word' id='word_1_39' title='bbox 496 1293 638 1375; x_wconf 90' lang='lat' dir='ltr'>exemplo</span> <span class='ocrx_word' id='word_1_40' title='bbox 655 1291 831 1371; x_wconf 86' lang='lat' dir='ltr'>Gallorum,</span> <span class='ocrx_word' id='word_1_41' title='bbox 847 1309 880 1356; x_wconf 91' lang='lat' dir='ltr'>ut</span> <span class='ocrx_word' id='word_1_42' title='bbox 893 1293 1049 1355; x_wconf 89' lang='lat' dir='ltr'>neminem</span> <span class='ocrx_word' id='word_1_43' title='bbox 1070 1289 1148 1352; x_wconf 91' lang='lat' dir='ltr'>ultra</span> <span class='ocrx_word' id='word_1_44' title='bbox 1167 1290 1286 1354; x_wconf 89' lang='lat' dir='ltr'>nostro-</span> 
     </span>
     <span class='ocr_line' id='line_1_9' title="bbox 256 1378 1286 1462; baseline 0 -20"><span class='ocrx_word' id='word_1_45' title='bbox 256 1401 325 1442; x_wconf 87' lang='lat' dir='ltr'>rum</span> <span class='ocrx_word' id='word_1_46' title='bbox 349 1380 482 1443; x_wconf 91' lang='lat' dir='ltr'>militum</span> <span class='ocrx_word' id='word_1_47' title='bbox 512 1380 608 1443; x_wconf 93' lang='lat' dir='ltr'>libido</span> <span class='ocrx_word' id='word_1_48' title='bbox 641 1382 757 1462; x_wconf 89' lang='lat' dir='ltr'>ceperit</span> <span class='ocrx_word' id='word_1_49' title='bbox 781 1381 896 1443; x_wconf 86' lang='lat' dir='ltr'>nedum</span> <span class='ocrx_word' id='word_1_50' title='bbox 921 1379 1098 1457; x_wconf 77' lang='lat' dir='ltr'>soldanum,</span> <span class='ocrx_word' id='word_1_51' title='bbox 1122 1378 1231 1441; x_wconf 91' lang='lat' dir='ltr'>sedne</span> <span class='ocrx_word' id='word_1_52' title='bbox 1255 1381 1286 1442; x_wconf 92' lang='lat' dir='ltr'>in</span> 
     </span>
     <span class='ocr_line' id='line_1_10' title="bbox 258 1464 1287 1551; baseline -0.004 -21"><span class='ocrx_word' id='word_1_53' title='bbox 258 1467 386 1533; x_wconf 88' lang='lat' dir='ltr'>obsessos</span> <span class='ocrx_word' id='word_1_54' title='bbox 413 1489 546 1551; x_wconf 88' lang='lat' dir='ltr'>pugnam</span> <span class='ocrx_word' id='word_1_55' title='bbox 573 1469 705 1531; x_wconf 89' lang='lat' dir='ltr'>ineundi.</span> <span class='ocrx_word' id='word_1_56' title='bbox 731 1467 778 1530; x_wconf 92' lang='lat' dir='ltr'>Ea</span> <span class='ocrx_word' id='word_1_57' title='bbox 802 1469 885 1530; x_wconf 90' lang='lat' dir='ltr'>enirn</span> <span class='ocrx_word' id='word_1_58' title='bbox 913 1467 993 1544; x_wconf 88' lang='lat' dir='ltr'>urbs,</span> <span class='ocrx_word' id='word_1_59' title='bbox 1014 1466 1087 1529; x_wconf 88' lang='lat' dir='ltr'>ficut</span> <span class='ocrx_word' id='word_1_60' title='bbox 1116 1464 1287 1544; x_wconf 88' lang='lat' dir='ltr'>docuimus,</span> 
     </span>
     <span class='ocr_line' id='line_1_11' title="bbox 258 1551 1288 1640; baseline -0.001 -23"><span class='ocrx_word' id='word_1_61' title='bbox 258 1556 463 1636; x_wconf 84' lang='lat' dir='ltr'>munitissima,</span> <span class='ocrx_word' id='word_1_62' title='bbox 491 1578 648 1640; x_wconf 89' lang='lat' dir='ltr'>nunquam</span> <span class='ocrx_word' id='word_1_63' title='bbox 677 1557 707 1618; x_wconf 94' lang='lat' dir='ltr'>in</span> <span class='ocrx_word' id='word_1_64' title='bbox 733 1555 1013 1640; x_wconf 85' lang='lat' dir='ltr'>oppugnationibus</span> <span class='ocrx_word' id='word_1_65' title='bbox 1038 1555 1105 1636; x_wconf 87' lang='lat' dir='ltr'>capi</span> <span class='ocrx_word' id='word_1_66' title='bbox 1136 1551 1288 1636; x_wconf 82' lang='lat' dir='ltr'>potuisset,</span> 
     </span>
     <span class='ocr_line' id='line_1_12' title="bbox 258 1643 1287 1729; baseline -0.001 -23"><span class='ocrx_word' id='word_1_67' title='bbox 258 1665 319 1729; x_wconf 91' lang='lat' dir='ltr'>que</span> <span class='ocrx_word' id='word_1_68' title='bbox 334 1644 599 1708; x_wconf 84' lang='lat' dir='ltr'>&amp;commeatibus</span> <span class='ocrx_word' id='word_1_69' title='bbox 614 1645 796 1724; x_wconf 85' lang='lat' dir='ltr'>abundabat,</span> <span class='ocrx_word' id='word_1_70' title='bbox 817 1644 864 1706; x_wconf 90' lang='lat' dir='ltr'>sed</span> <span class='ocrx_word' id='word_1_71' title='bbox 882 1643 1051 1727; x_wconf 88' lang='lat' dir='ltr'>pestilentia</span> <span class='ocrx_word' id='word_1_72' title='bbox 1074 1643 1180 1726; x_wconf 90' lang='lat' dir='ltr'>ingens</span> <span class='ocrx_word' id='word_1_73' title='bbox 1194 1643 1287 1725; x_wconf 82' lang='lat' dir='ltr'>ipsam</span> 
     </span>
     <span class='ocr_line' id='line_1_13' title="bbox 258 1730 1287 1819; baseline 0 -25"><span class='ocrx_word' id='word_1_74' title='bbox 258 1732 434 1796; x_wconf 85' lang='lat' dir='ltr'>mirandum</span> <span class='ocrx_word' id='word_1_75' title='bbox 450 1735 480 1796; x_wconf 91' lang='lat' dir='ltr'>in</span> <span class='ocrx_word' id='word_1_76' title='bbox 496 1734 624 1796; x_wconf 88' lang='lat' dir='ltr'>modum</span> <span class='ocrx_word' id='word_1_77' title='bbox 640 1733 786 1816; x_wconf 86' lang='lat' dir='ltr'>populata</span> <span class='ocrx_word' id='word_1_78' title='bbox 798 1731 849 1796; x_wconf 88' lang='lat' dir='ltr'>est.</span> <span class='ocrx_word' id='word_1_79' title='bbox 863 1730 961 1819; x_wconf 79' lang='lat' dir='ltr'>Quod</span> <span class='ocrx_word' id='word_1_80' title='bbox 974 1732 1097 1815; x_wconf 89' lang='lat' dir='ltr'>quidem</span> <span class='ocrx_word' id='word_1_81' title='bbox 1109 1732 1287 1794; x_wconf 88' lang='lat' dir='ltr'>christianos</span> 
     </span>
     <span class='ocr_line' id='line_1_14' title="bbox 258 1817 1288 1903; baseline -0.003 -19"><span class='ocrx_word' id='word_1_82' title='bbox 258 1821 384 1900; x_wconf 88' lang='lat' dir='ltr'>latuisse,</span> <span class='ocrx_word' id='word_1_83' title='bbox 398 1837 431 1884; x_wconf 92' lang='lat' dir='ltr'>ur</span> <span class='ocrx_word' id='word_1_84' title='bbox 445 1822 550 1901; x_wconf 89' lang='lat' dir='ltr'>credo,</span> <span class='ocrx_word' id='word_1_85' title='bbox 564 1820 674 1884; x_wconf 88' lang='lat' dir='ltr'>adduci</span> <span class='ocrx_word' id='word_1_86' title='bbox 689 1819 898 1903; x_wconf 85' lang='lat' dir='ltr'>nequivissem,</span> <span class='ocrx_word' id='word_1_87' title='bbox 908 1817 962 1882; x_wconf 83' lang='lat' dir='ltr'>nist</span> <span class='ocrx_word' id='word_1_88' title='bbox 978 1822 1056 1902; x_wconf 90' lang='lat' dir='ltr'>apud</span> <span class='ocrx_word' id='word_1_89' title='bbox 1073 1841 1180 1882; x_wconf 88' lang='lat' dir='ltr'>omnes</span> <span class='ocrx_word' id='word_1_90' title='bbox 1195 1817 1288 1901; x_wconf 91' lang='lat' dir='ltr'>scrip-</span> 
     </span>
     <span class='ocr_line' id='line_1_15' title="bbox 259 1906 1288 1990; baseline -0.003 -20"><span class='ocrx_word' id='word_1_91' title='bbox 259 1924 339 1971; x_wconf 89' lang='lat' dir='ltr'>tores</span> <span class='ocrx_word' id='word_1_92' title='bbox 354 1910 383 1971; x_wconf 94' lang='lat' dir='ltr'>id</span> <span class='ocrx_word' id='word_1_93' title='bbox 405 1909 540 1972; x_wconf 85' lang='lat' dir='ltr'>constare</span> <span class='ocrx_word' id='word_1_94' title='bbox 563 1909 709 1970; x_wconf 90' lang='lat' dir='ltr'>viderem.</span> <span class='ocrx_word' id='word_1_95' title='bbox 725 1906 819 1971; x_wconf 89' lang='lat' dir='ltr'>Forte</span> <span class='ocrx_word' id='word_1_96' title='bbox 833 1907 870 1968; x_wconf 91' lang='lat' dir='ltr'>ad</span> <span class='ocrx_word' id='word_1_97' title='bbox 886 1907 1027 1990; x_wconf 91' lang='lat' dir='ltr'>quintum</span> <span class='ocrx_word' id='word_1_98' title='bbox 1043 1906 1176 1969; x_wconf 92' lang='lat' dir='ltr'>mensem</span> <span class='ocrx_word' id='word_1_99' title='bbox 1191 1927 1288 1989; x_wconf 91' lang='lat' dir='ltr'>quum</span> 
     </span>
     <span class='ocr_line' id='line_1_16' title="bbox 260 1994 1289 2080; baseline -0.006 -18"><span class='ocrx_word' id='word_1_100' title='bbox 260 1996 376 2062; x_wconf 87' lang='lat' dir='ltr'>Gallici</span> <span class='ocrx_word' id='word_1_101' title='bbox 391 1999 421 2059; x_wconf 92' lang='lat' dir='ltr'>in</span> <span class='ocrx_word' id='word_1_102' title='bbox 437 1997 603 2060; x_wconf 86' lang='lat' dir='ltr'>Soldanum</span> <span class='ocrx_word' id='word_1_103' title='bbox 618 1995 697 2059; x_wconf 89' lang='lat' dir='ltr'>male</span> <span class='ocrx_word' id='word_1_104' title='bbox 717 2012 934 2080; x_wconf 86' lang='lat' dir='ltr'>pugnaverant,</span> <span class='ocrx_word' id='word_1_105' title='bbox 955 1996 1044 2077; x_wconf 91' lang='lat' dir='ltr'>pauci</span> <span class='ocrx_word' id='word_1_106' title='bbox 1066 1996 1178 2058; x_wconf 90' lang='lat' dir='ltr'>milites</span> <span class='ocrx_word' id='word_1_107' title='bbox 1196 1994 1289 2057; x_wconf 91' lang='lat' dir='ltr'>chris-</span> 
     </span>
     <span class='ocr_line' id='line_1_17' title="bbox 259 2081 1289 2168; baseline -0.006 -19"><span class='ocrx_word' id='word_1_108' title='bbox 259 2087 333 2149; x_wconf 90' lang='lat' dir='ltr'>tiani</span> <span class='ocrx_word' id='word_1_109' title='bbox 343 2085 486 2149; x_wconf 89' lang='lat' dir='ltr'>Damiate</span> <span class='ocrx_word' id='word_1_110' title='bbox 495 2101 597 2168; x_wconf 88' lang='lat' dir='ltr'>portas</span> <span class='ocrx_word' id='word_1_111' title='bbox 607 2084 732 2166; x_wconf 90' lang='lat' dir='ltr'>propius</span> <span class='ocrx_word' id='word_1_112' title='bbox 740 2082 935 2160; x_wconf 87' lang='lat' dir='ltr'>accesserunt,</span> <span class='ocrx_word' id='word_1_113' title='bbox 947 2081 1019 2164; x_wconf 89' lang='lat' dir='ltr'>quid</span> <span class='ocrx_word' id='word_1_114' title='bbox 1029 2082 1060 2143; x_wconf 93' lang='lat' dir='ltr'>in</span> <span class='ocrx_word' id='word_1_115' title='bbox 1070 2081 1143 2144; x_wconf 90' lang='lat' dir='ltr'>urbe</span> <span class='ocrx_word' id='word_1_116' title='bbox 1152 2097 1289 2164; x_wconf 85' lang='lat' dir='ltr'>ageretur</span> 
     </span>
     <span class='ocr_line' id='line_1_18' title="bbox 171 2169 1330 2257; baseline -0.006 -19"><span class='ocrx_word' id='word_1_117' title='bbox 171 2200 215 2248; x_wconf 57' lang='lat' dir='ltr'>‚gr</span> <span class='ocrx_word' id='word_1_118' title='bbox 226 2220 244 2247; x_wconf 57' lang='lat' dir='ltr'>r,</span> <span class='ocrx_word' id='word_1_119' title='bbox 259 2176 455 2257; x_wconf 86' lang='lat' dir='ltr'>exploraturi,</span> <span class='ocrx_word' id='word_1_120' title='bbox 473 2172 662 2256; x_wconf 81' lang='lat' dir='ltr'>silentioque,</span> <span class='ocrx_word' id='word_1_121' title='bbox 677 2172 759 2255; x_wconf 94' lang='lat' dir='ltr'>quod</span> <span class='ocrx_word' id='word_1_122' title='bbox 776 2171 889 2252; x_wconf 90' lang='lat' dir='ltr'>ubique</span> <span class='ocrx_word' id='word_1_123' title='bbox 905 2172 934 2232; x_wconf 91' lang='lat' dir='ltr'>in</span> <span class='ocrx_word' id='word_1_124' title='bbox 956 2169 1194 2252; x_wconf 84' lang='lat' dir='ltr'>propugnaculis</span> <span class='ocrx_word' id='word_1_125' title='bbox 1208 2169 1289 2248; x_wconf 82' lang='lat' dir='ltr'>esset,</span> <span class='ocrx_word' id='word_1_126' title='bbox 1326 2245 1330 2250; x_wconf 87' lang='lat'><em>.</em></span> 
     </span>
     <span class='ocr_line' id='line_1_19' title="bbox 259 2255 1290 2341; baseline -0.006 -17"><span class='ocrx_word' id='word_1_127' title='bbox 259 2263 407 2325; x_wconf 87' lang='lat' dir='ltr'>admoniti</span> <span class='ocrx_word' id='word_1_128' title='bbox 423 2262 500 2340; x_wconf 88' lang='lat' dir='ltr'>sunt,</span> <span class='ocrx_word' id='word_1_129' title='bbox 518 2277 569 2324; x_wconf 88' lang='lat' dir='ltr'>aut</span> <span class='ocrx_word' id='word_1_130' title='bbox 583 2261 721 2323; x_wconf 90' lang='lat' dir='ltr'>custodes</span> <span class='ocrx_word' id='word_1_131' title='bbox 736 2260 832 2322; x_wconf 90' lang='lat' dir='ltr'>altum</span> <span class='ocrx_word' id='word_1_132' title='bbox 847 2259 960 2341; x_wconf 91' lang='lat' dir='ltr'>sopitos</span> <span class='ocrx_word' id='word_1_133' title='bbox 980 2255 1048 2336; x_wconf 91' lang='lat' dir='ltr'>esse,</span> <span class='ocrx_word' id='word_1_134' title='bbox 1065 2274 1117 2319; x_wconf 88' lang='lat' dir='ltr'>aut</span> <span class='ocrx_word' id='word_1_135' title='bbox 1127 2257 1222 2320; x_wconf 89' lang='lat' dir='ltr'>alium</span> <span class='ocrx_word' id='word_1_136' title='bbox 1237 2278 1290 2340; x_wconf 91' lang='lat' dir='ltr'>per</span> 
     </span>
     <span class='ocr_line' id='line_1_20' title="bbox 260 2345 1288 2435; baseline -0.006 -22"><span class='ocrx_word' id='word_1_137' title='bbox 260 2371 393 2413; x_wconf 90' lang='lat' dir='ltr'>errorem</span> <span class='ocrx_word' id='word_1_138' title='bbox 408 2351 535 2412; x_wconf 91' lang='lat' dir='ltr'>omnino</span> <span class='ocrx_word' id='word_1_139' title='bbox 550 2348 655 2412; x_wconf 86' lang='lat' dir='ltr'>abesse.</span> <span class='ocrx_word' id='word_1_140' title='bbox 673 2346 781 2435; x_wconf 80' lang='lat' dir='ltr'>Quare</span> <span class='ocrx_word' id='word_1_141' title='bbox 797 2347 986 2430; x_wconf 87' lang='lat' dir='ltr'>pedetentim</span> <span class='ocrx_word' id='word_1_142' title='bbox 1007 2346 1170 2408; x_wconf 88' lang='lat' dir='ltr'>referentes</span> <span class='ocrx_word' id='word_1_143' title='bbox 1192 2345 1288 2409; x_wconf 93' lang='lat' dir='ltr'>socios</span> 
     </span>
     <span class='ocr_line' id='line_1_21' title="bbox 260 2433 1288 2520; baseline -0.004 -22"><span class='ocrx_word' id='word_1_144' title='bbox 260 2438 409 2500; x_wconf 89' lang='lat' dir='ltr'>advocant</span> <span class='ocrx_word' id='word_1_145' title='bbox 423 2435 572 2520; x_wconf 83' lang='lat' dir='ltr'>scalasque</span> <span class='ocrx_word' id='word_1_146' title='bbox 588 2435 703 2518; x_wconf 90' lang='lat' dir='ltr'>semper</span> <span class='ocrx_word' id='word_1_147' title='bbox 718 2436 749 2496; x_wconf 91' lang='lat' dir='ltr'>in</span> <span class='ocrx_word' id='word_1_148' title='bbox 765 2435 899 2517; x_wconf 90' lang='lat' dir='ltr'>pretorio</span> <span class='ocrx_word' id='word_1_149' title='bbox 911 2433 947 2496; x_wconf 92' lang='lat' dir='ltr'>ad</span> <span class='ocrx_word' id='word_1_150' title='bbox 965 2435 994 2495; x_wconf 95' lang='lat' dir='ltr'>id</span> <span class='ocrx_word' id='word_1_151' title='bbox 1017 2449 1135 2516; x_wconf 88' lang='lat' dir='ltr'>paratas</span> <span class='ocrx_word' id='word_1_152' title='bbox 1153 2451 1288 2516; x_wconf 91' lang='lat' dir='ltr'>conpor-</span> 
     </span>
     <span class='ocr_line' id='line_1_22' title="bbox 260 2520 1288 2607; baseline -0.006 -21"><span class='ocrx_word' id='word_1_153' title='bbox 260 2540 334 2598; x_wconf 85' lang='lat' dir='ltr'>tant,</span> <span class='ocrx_word' id='word_1_154' title='bbox 348 2525 459 2607; x_wconf 92' lang='lat' dir='ltr'>quibus</span> <span class='ocrx_word' id='word_1_155' title='bbox 474 2527 504 2586; x_wconf 95' lang='lat' dir='ltr'>in</span> <span class='ocrx_word' id='word_1_156' title='bbox 520 2523 750 2606; x_wconf 87' lang='lat' dir='ltr'>propugnacula</span> <span class='ocrx_word' id='word_1_157' title='bbox 765 2539 852 2606; x_wconf 90' lang='lat' dir='ltr'>porte</span> <span class='ocrx_word' id='word_1_158' title='bbox 874 2520 1003 2585; x_wconf 86' lang='lat' dir='ltr'>faciliter</span> <span class='ocrx_word' id='word_1_159' title='bbox 1022 2521 1064 2584; x_wconf 88' lang='lat' dir='ltr'>est</span> <span class='ocrx_word' id='word_1_160' title='bbox 1085 2520 1288 2584; x_wconf 85' lang='lat' dir='ltr'>conscensum</span> 
     </span>
     <span class='ocr_line' id='line_1_23' title="bbox 260 2609 1290 2693; baseline -0.005 -17"><span class='ocrx_word' id='word_1_161' title='bbox 260 2611 302 2676; x_wconf 90' lang='lat' dir='ltr'>Et</span> <span class='ocrx_word' id='word_1_162' title='bbox 315 2613 438 2676; x_wconf 88' lang='lat' dir='ltr'>nemine</span> <span class='ocrx_word' id='word_1_163' title='bbox 454 2613 622 2691; x_wconf 81' lang='lat' dir='ltr'>obsistente,</span> <span class='ocrx_word' id='word_1_164' title='bbox 634 2628 686 2673; x_wconf 85' lang='lat' dir='ltr'>aut</span> <span class='ocrx_word' id='word_1_165' title='bbox 698 2610 834 2673; x_wconf 89' lang='lat' dir='ltr'>clamore</span> <span class='ocrx_word' id='word_1_166' title='bbox 848 2633 902 2673; x_wconf 89' lang='lat' dir='ltr'>eos</span> <span class='ocrx_word' id='word_1_167' title='bbox 917 2611 1075 2693; x_wconf 89' lang='lat' dir='ltr'>prodente,</span> <span class='ocrx_word' id='word_1_168' title='bbox 1086 2612 1196 2672; x_wconf 89' lang='lat' dir='ltr'>cohors</span> <span class='ocrx_word' id='word_1_169' title='bbox 1211 2609 1290 2671; x_wconf 87' lang='lat' dir='ltr'>inte·</span> 
     </span>
     <span class='ocr_line' id='line_1_24' title="bbox 260 2697 1289 2785; baseline -0.005 -21"><span class='ocrx_word' id='word_1_170' title='bbox 260 2722 312 2785; x_wconf 92' lang='lat' dir='ltr'>gra</span> <span class='ocrx_word' id='word_1_171' title='bbox 332 2717 450 2783; x_wconf 90' lang='lat' dir='ltr'>portam</span> <span class='ocrx_word' id='word_1_172' title='bbox 475 2702 582 2779; x_wconf 84' lang='lat' dir='ltr'>tenuit,</span> <span class='ocrx_word' id='word_1_173' title='bbox 607 2721 700 2783; x_wconf 91' lang='lat' dir='ltr'>quam</span> <span class='ocrx_word' id='word_1_174' title='bbox 721 2702 795 2761; x_wconf 91' lang='lat' dir='ltr'>dum</span> <span class='ocrx_word' id='word_1_175' title='bbox 809 2699 961 2762; x_wconf 91' lang='lat' dir='ltr'>securibus</span> <span class='ocrx_word' id='word_1_176' title='bbox 983 2698 1158 2781; x_wconf 89' lang='lat' dir='ltr'>malleisque</span> <span class='ocrx_word' id='word_1_177' title='bbox 1182 2697 1289 2760; x_wconf 89' lang='lat' dir='ltr'>refrin-</span> 
     </span>
     <span class='ocr_line' id='line_1_25' title="bbox 259 2785 1290 2874; baseline -0.003 -24"><span class='ocrx_word' id='word_1_178' title='bbox 259 2806 352 2874; x_wconf 87' lang='lat' dir='ltr'>gunt:</span> <span class='ocrx_word' id='word_1_179' title='bbox 371 2805 574 2866; x_wconf 81' lang='lat' dir='ltr'>accurrenteS,</span> <span class='ocrx_word' id='word_1_180' title='bbox 598 2789 708 2872; x_wconf 86' lang='lat' dir='ltr'>quiex</span> <span class='ocrx_word' id='word_1_181' title='bbox 729 2787 899 2851; x_wconf 80' lang='lat' dir='ltr'>sarracenis</span> <span class='ocrx_word' id='word_1_182' title='bbox 917 2786 1076 2870; x_wconf 89' lang='lat' dir='ltr'>strepitum</span> <span class='ocrx_word' id='word_1_183' title='bbox 1098 2785 1290 2868; x_wconf 88' lang='lat' dir='ltr'>sonitumque</span> 
     </span>
     <span class='ocr_line' id='line_1_26' title="bbox 262 2876 1290 2961; baseline -0.004 -21"><span class='ocrx_word' id='word_1_184' title='bbox 262 2879 349 2961; x_wconf 89' lang='lat' dir='ltr'>primi</span> <span class='ocrx_word' id='word_1_185' title='bbox 376 2876 603 2956; x_wconf 86' lang='lat' dir='ltr'>exaudiverant,</span> <span class='ocrx_word' id='word_1_186' title='bbox 626 2876 767 2939; x_wconf 88' lang='lat' dir='ltr'>consoffi:</span> <span class='ocrx_word' id='word_1_187' title='bbox 792 2876 1006 2960; x_wconf 87' lang='lat' dir='ltr'>christianique</span> <span class='ocrx_word' id='word_1_188' title='bbox 1032 2877 1153 2939; x_wconf 90' lang='lat' dir='ltr'>interim</span> <span class='ocrx_word' id='word_1_189' title='bbox 1167 2889 1290 2958; x_wconf 87' lang='lat' dir='ltr'>patente</span> 
     </span>
     <span class='ocr_line' id='line_1_27' title="bbox 262 2965 1290 3050; baseline -0.005 -20"><span class='ocrx_word' id='word_1_190' title='bbox 262 2966 379 3050; x_wconf 78' lang='lat' dir='ltr'>ingressi</span> <span class='ocrx_word' id='word_1_191' title='bbox 395 2981 483 3048; x_wconf 89' lang='lat' dir='ltr'>porta</span> <span class='ocrx_word' id='word_1_192' title='bbox 498 2966 571 3028; x_wconf 90' lang='lat' dir='ltr'>urbe</span> <span class='ocrx_word' id='word_1_193' title='bbox 590 2965 679 3048; x_wconf 91' lang='lat' dir='ltr'>potiti</span> <span class='ocrx_word' id='word_1_194' title='bbox 696 2967 761 3028; x_wconf 92' lang='lat' dir='ltr'>sunt</span> <span class='ocrx_word' id='word_1_195' title='bbox 768 2993 778 3042; x_wconf 80' lang='lat'>3</span> <span class='ocrx_word' id='word_1_196' title='bbox 793 2987 873 3027; x_wconf 90' lang='lat' dir='ltr'>anno</span> <span class='ocrx_word' id='word_1_197' title='bbox 899 2965 1022 3028; x_wconf 88' lang='lat' dir='ltr'>tandem</span> <span class='ocrx_word' id='word_1_198' title='bbox 1046 2965 1174 3027; x_wconf 89' lang='lat' dir='ltr'>dimidio</span> <span class='ocrx_word' id='word_1_199' title='bbox 1200 2979 1290 3047; x_wconf 89' lang='lat' dir='ltr'>atque</span> 
     </span>
     <span class='ocr_line' id='line_1_28' title="bbox 261 3051 1389 3138; baseline -0.004 -20"><span class='ocrx_word' id='word_1_200' title='bbox 261 3057 390 3138; x_wconf 87' lang='lat' dir='ltr'>integro,</span> <span class='ocrx_word' id='word_1_201' title='bbox 405 3054 565 3136; x_wconf 86' lang='lat' dir='ltr'>postquam</span> <span class='ocrx_word' id='word_1_202' title='bbox 580 3054 675 3116; x_wconf 85' lang='lat' dir='ltr'>fuerat</span> <span class='ocrx_word' id='word_1_203' title='bbox 692 3051 812 3131; x_wconf 87' lang='lat' dir='ltr'>obsessa,</span> <span class='ocrx_word' id='word_1_204' title='bbox 827 3075 919 3136; x_wconf 89' lang='lat' dir='ltr'>quern</span> <span class='ocrx_word' id='word_1_205' title='bbox 933 3075 1084 3116; x_wconf 89' lang='lat' dir='ltr'>nonarum</span> <span class='ocrx_word' id='word_1_206' title='bbox 1100 3052 1289 3116; x_wconf 86' lang='lat' dir='ltr'>Novembris</span> <span class='ocrx_word' id='word_1_207' title='bbox 1303 3075 1389 3122; x_wconf 64' lang='lat' dir='ltr'>Nona</span> 
     </span>
     <span class='ocr_line' id='line_1_29' title="bbox 262 3138 1289 3224; baseline -0.003 -19"><span class='ocrx_word' id='word_1_208' title='bbox 262 3143 378 3207; x_wconf 90' lang='lat' dir='ltr'>sextum</span> <span class='ocrx_word' id='word_1_209' title='bbox 393 3143 475 3205; x_wconf 89' lang='lat' dir='ltr'>diem</span> <span class='ocrx_word' id='word_1_210' title='bbox 488 3139 573 3204; x_wconf 83' lang='lat' dir='ltr'>firiffe</span> <span class='ocrx_word' id='word_1_211' title='bbox 588 3141 713 3205; x_wconf 89' lang='lat' dir='ltr'>constat.</span> <span class='ocrx_word' id='word_1_212' title='bbox 727 3139 850 3224; x_wconf 87' lang='lat' dir='ltr'>Ingresli</span> <span class='ocrx_word' id='word_1_213' title='bbox 865 3142 972 3205; x_wconf 90' lang='lat' dir='ltr'>urbem</span> <span class='ocrx_word' id='word_1_214' title='bbox 994 3140 1156 3218; x_wconf 84' lang='lat' dir='ltr'>christiani,</span> <span class='ocrx_word' id='word_1_215' title='bbox 1171 3138 1289 3203; x_wconf 84' lang='lat' dir='ltr'>infidias</span> 
     </span>
     <span class='ocr_line' id='line_1_30' title="bbox 263 3227 1290 3315; baseline -0.006 -21"><span class='ocrx_word' id='word_1_216' title='bbox 263 3234 361 3315; x_wconf 92' lang='lat' dir='ltr'>primo</span> <span class='ocrx_word' id='word_1_217' title='bbox 377 3231 522 3293; x_wconf 90' lang='lat' dir='ltr'>dolumve</span> <span class='ocrx_word' id='word_1_218' title='bbox 536 3232 572 3293; x_wconf 89' lang='lat' dir='ltr'>ab</span> <span class='ocrx_word' id='word_1_219' title='bbox 588 3231 672 3293; x_wconf 91' lang='lat' dir='ltr'>hoste</span> <span class='ocrx_word' id='word_1_220' title='bbox 682 3230 828 3292; x_wconf 71' lang='lat' dir='ltr'>structum</span> <span class='ocrx_word' id='word_1_221' title='bbox 842 3230 1079 3312; x_wconf 89' lang='lat' dir='ltr'>suspicabantur:</span> <span class='ocrx_word' id='word_1_222' title='bbox 1097 3229 1179 3312; x_wconf 94' lang='lat' dir='ltr'>quod</span> <span class='ocrx_word' id='word_1_223' title='bbox 1192 3227 1290 3290; x_wconf 89' lang='lat' dir='ltr'>nemi-</span> 
     </span>
     <span class='ocr_line' id='line_1_31' title="bbox 262 3313 1290 3403; baseline -0.005 -21"><span class='ocrx_word' id='word_1_224' title='bbox 262 3321 379 3382; x_wconf 85' lang='lat' dir='ltr'>nemin</span> <span class='ocrx_word' id='word_1_225' title='bbox 395 3320 501 3403; x_wconf 88' lang='lat' dir='ltr'>plateis</span> <span class='ocrx_word' id='word_1_226' title='bbox 516 3319 652 3398; x_wconf 91' lang='lat' dir='ltr'>obvium,</span> <span class='ocrx_word' id='word_1_227' title='bbox 666 3320 821 3381; x_wconf 89' lang='lat' dir='ltr'>neminem</span> <span class='ocrx_word' id='word_1_228' title='bbox 837 3320 866 3381; x_wconf 94' lang='lat' dir='ltr'>in</span> <span class='ocrx_word' id='word_1_229' title='bbox 883 3319 970 3381; x_wconf 74' lang='lat' dir='ltr'>tediis</span> <span class='ocrx_word' id='word_1_230' title='bbox 985 3333 1037 3380; x_wconf 89' lang='lat' dir='ltr'>aut</span> <span class='ocrx_word' id='word_1_231' title='bbox 1053 3319 1089 3380; x_wconf 89' lang='lat' dir='ltr'>ad</span> <span class='ocrx_word' id='word_1_232' title='bbox 1105 3317 1247 3378; x_wconf 87' lang='lat' dir='ltr'>fenestras</span> <span class='ocrx_word' id='word_1_233' title='bbox 1262 3313 1290 3377; x_wconf 94' lang='lat' dir='ltr'>se</span> 
     </span>
     <span class='ocr_line' id='line_1_32' title="bbox 263 3403 1291 3493; baseline -0.005 -22"><span class='ocrx_word' id='word_1_234' title='bbox 263 3408 432 3493; x_wconf 91' lang='lat' dir='ltr'>prospicere</span> <span class='ocrx_word' id='word_1_235' title='bbox 457 3408 609 3470; x_wconf 86' lang='lat' dir='ltr'>videbant.</span> <span class='ocrx_word' id='word_1_236' title='bbox 626 3409 682 3470; x_wconf 88' lang='lat' dir='ltr'>Sed</span> <span class='ocrx_word' id='word_1_237' title='bbox 705 3406 859 3470; x_wconf 75' lang='lat' dir='ltr'>intelledla</span> <span class='ocrx_word' id='word_1_238' title='bbox 883 3406 926 3469; x_wconf 88' lang='lat' dir='ltr'>est</span> <span class='ocrx_word' id='word_1_239' title='bbox 949 3406 1046 3468; x_wconf 89' lang='lat' dir='ltr'>statim</span> <span class='ocrx_word' id='word_1_240' title='bbox 1072 3406 1153 3468; x_wconf 91' lang='lat' dir='ltr'>urbis</span> <span class='ocrx_word' id='word_1_241' title='bbox 1178 3403 1291 3466; x_wconf 87' lang='lat' dir='ltr'>deserte</span> 
     </span>
     <span class='ocr_line' id='line_1_33' title="bbox 263 3493 1292 3580; baseline -0.008 -18"><span class='ocrx_word' id='word_1_242' title='bbox 263 3497 429 3576; x_wconf 87' lang='lat' dir='ltr'>calamitas,</span> <span class='ocrx_word' id='word_1_243' title='bbox 443 3498 525 3580; x_wconf 93' lang='lat' dir='ltr'>quod</span> <span class='ocrx_word' id='word_1_244' title='bbox 543 3496 642 3579; x_wconf 89' lang='lat' dir='ltr'>platee</span> <span class='ocrx_word' id='word_1_245' title='bbox 663 3497 764 3580; x_wconf 84' lang='lat' dir='ltr'>paffim</span> <span class='ocrx_word' id='word_1_246' title='bbox 788 3497 909 3578; x_wconf 89' lang='lat' dir='ltr'>vicique</span> <span class='ocrx_word' id='word_1_247' title='bbox 933 3515 1040 3556; x_wconf 92' lang='lat' dir='ltr'>omnes</span> <span class='ocrx_word' id='word_1_248' title='bbox 1056 3493 1085 3556; x_wconf 87' lang='lat'>&amp;</span> <span class='ocrx_word' id='word_1_249' title='bbox 1100 3495 1203 3556; x_wconf 91' lang='lat' dir='ltr'>edium</span> <span class='ocrx_word' id='word_1_250' title='bbox 1218 3493 1292 3554; x_wconf 90' lang='lat' dir='ltr'>atria</span> 
     </span>
     <span class='ocr_line' id='line_1_34' title="bbox 264 3583 1292 3669; baseline -0.009 -17"><span class='ocrx_word' id='word_1_251' title='bbox 264 3587 458 3652; x_wconf 90' lang='lat' dir='ltr'>cadaveribus</span> <span class='ocrx_word' id='word_1_252' title='bbox 474 3585 626 3669; x_wconf 89' lang='lat' dir='ltr'>utriusque</span> <span class='ocrx_word' id='word_1_253' title='bbox 641 3585 727 3664; x_wconf 82' lang='lat' dir='ltr'>sexus</span> <span class='ocrx_word' id='word_1_254' title='bbox 740 3583 899 3666; x_wconf 88' lang='lat' dir='ltr'>omnisque</span> <span class='ocrx_word' id='word_1_255' title='bbox 910 3585 998 3647; x_wconf 84' lang='lat' dir='ltr'>etatis</span> <span class='ocrx_word' id='word_1_256' title='bbox 1009 3584 1170 3646; x_wconf 91' lang='lat' dir='ltr'>hominum</span> <span class='ocrx_word' id='word_1_257' title='bbox 1185 3597 1292 3644; x_wconf 90' lang='lat' dir='ltr'>conte-</span> 
     </span>
     <span class='ocr_line' id='line_1_35' title="bbox 261 3668 1292 3761; baseline -0.007 -22"><span class='ocrx_word' id='word_1_258' title='bbox 261 3677 420 3761; x_wconf 88' lang='lat' dir='ltr'>gebantur,</span> <span class='ocrx_word' id='word_1_259' title='bbox 434 3675 463 3738; x_wconf 90' lang='lat'>&amp;</span> <span class='ocrx_word' id='word_1_260' title='bbox 478 3677 573 3759; x_wconf 91' lang='lat' dir='ltr'>quiin</span> <span class='ocrx_word' id='word_1_261' title='bbox 589 3675 733 3738; x_wconf 90' lang='lat' dir='ltr'>domibus</span> <span class='ocrx_word' id='word_1_262' title='bbox 747 3675 807 3736; x_wconf 92' lang='lat' dir='ltr'>vivi</span> <span class='ocrx_word' id='word_1_263' title='bbox 824 3672 890 3734; x_wconf 91' lang='lat' dir='ltr'>sunt</span> <span class='ocrx_word' id='word_1_264' title='bbox 901 3671 1023 3754; x_wconf 88' lang='lat' dir='ltr'>reperti,</span> <span class='ocrx_word' id='word_1_265' title='bbox 1032 3689 1083 3733; x_wconf 90' lang='lat' dir='ltr'>aut</span> <span class='ocrx_word' id='word_1_266' title='bbox 1094 3668 1156 3752; x_wconf 91' lang='lat' dir='ltr'>ipso</span> <span class='ocrx_word' id='word_1_267' title='bbox 1167 3670 1292 3753; x_wconf 86' lang='lat' dir='ltr'>langue-</span> 
     </span>
     <span class='ocr_line' id='line_1_36' title="bbox 264 3758 1292 3843; baseline -0.005 -15"><span class='ocrx_word' id='word_1_268' title='bbox 264 3766 337 3828; x_wconf 90' lang='lat' dir='ltr'>bant</span> <span class='ocrx_word' id='word_1_269' title='bbox 351 3766 469 3843; x_wconf 91' lang='lat' dir='ltr'>morbo,</span> <span class='ocrx_word' id='word_1_270' title='bbox 480 3780 532 3826; x_wconf 91' lang='lat' dir='ltr'>aut</span> <span class='ocrx_word' id='word_1_271' title='bbox 546 3763 671 3826; x_wconf 91' lang='lat' dir='ltr'>salutem</span> <span class='ocrx_word' id='word_1_272' title='bbox 682 3763 733 3826; x_wconf 81' lang='lat' dir='ltr'>fibi</span> <span class='ocrx_word' id='word_1_273' title='bbox 744 3783 761 3824; x_wconf 89' lang='lat' dir='ltr'>a</span> <span class='ocrx_word' id='word_1_274' title='bbox 772 3760 903 3843; x_wconf 87' lang='lat' dir='ltr'>langoris</span> <span class='ocrx_word' id='word_1_275' title='bbox 916 3758 1105 3822; x_wconf 76' lang='lat' dir='ltr'>simulatione</span> <span class='ocrx_word' id='word_1_276' title='bbox 1115 3758 1292 3842; x_wconf 87' lang='lat' dir='ltr'>querebant.</span> 
     </span>
     <span class='ocr_line' id='line_1_37' title="bbox 264 3845 1293 3932; baseline -0.006 -17"><span class='ocrx_word' id='word_1_277' title='bbox 264 3852 363 3916; x_wconf 86' lang='lat' dir='ltr'>Fuere</span> <span class='ocrx_word' id='word_1_278' title='bbox 391 3870 493 3914; x_wconf 89' lang='lat' dir='ltr'>autem</span> <span class='ocrx_word' id='word_1_279' title='bbox 521 3873 628 3915; x_wconf 90' lang='lat' dir='ltr'>omnes</span> <span class='ocrx_word' id='word_1_280' title='bbox 654 3853 721 3930; x_wconf 71' lang='lat' dir='ltr'>{iam</span> <span class='ocrx_word' id='word_1_281' title='bbox 754 3853 872 3932; x_wconf 89' lang='lat' dir='ltr'>integra</span> <span class='ocrx_word' id='word_1_282' title='bbox 899 3869 993 3931; x_wconf 87' lang='lat' dir='ltr'>quam</span> <span class='ocrx_word' id='word_1_283' title='bbox 1020 3846 1099 3908; x_wconf 88' lang='lat' dir='ltr'>mala</span> <span class='ocrx_word' id='word_1_284' title='bbox 1120 3845 1293 3909; x_wconf 86' lang='lat' dir='ltr'>valetudine</span> 
     </span>
     <span class='ocr_line' id='line_1_38' title="bbox 264 3931 1295 4019; baseline -0.006 -15"><span class='ocrx_word' id='word_1_285' title='bbox 264 3944 401 4006; x_wconf 86' lang='lat' dir='ltr'>viventes</span> <span class='ocrx_word' id='word_1_286' title='bbox 415 3943 470 4004; x_wconf 88' lang='lat' dir='ltr'>tria</span> <span class='ocrx_word' id='word_1_287' title='bbox 484 3943 618 4003; x_wconf 91' lang='lat' dir='ltr'>virorum</span> <span class='ocrx_word' id='word_1_288' title='bbox 630 3940 735 4015; x_wconf 81' lang='lat' dir='ltr'>millia,</span> <span class='ocrx_word' id='word_1_289' title='bbox 748 3959 820 4000; x_wconf 91' lang='lat' dir='ltr'>cum</span> <span class='ocrx_word' id='word_1_290' title='bbox 831 3935 996 4000; x_wconf 80' lang='lat' dir='ltr'>obsidionis</span> <span class='ocrx_word' id='word_1_291' title='bbox 1009 3936 1159 4019; x_wconf 93' lang='lat' dir='ltr'>principio</span> <span class='ocrx_word' id='word_1_292' title='bbox 1174 3931 1295 3998; x_wconf 85' lang='lat' dir='ltr'>fuissent</span> 
     </span>
     <span class='ocr_line' id='line_1_39' title="bbox 265 4021 1292 4116; baseline -0.009 -21"><span class='ocrx_word' id='word_1_293' title='bbox 265 4031 460 4116; x_wconf 85' lang='lat' dir='ltr'>septuaginta.</span> <span class='ocrx_word' id='word_1_294' title='bbox 475 4027 575 4093; x_wconf 90' lang='lat' dir='ltr'>Portis</span> <span class='ocrx_word' id='word_1_295' title='bbox 591 4028 705 4111; x_wconf 89' lang='lat' dir='ltr'>ubique</span> <span class='ocrx_word' id='word_1_296' title='bbox 719 4023 1000 4107; x_wconf 89' lang='lat' dir='ltr'>munitionibusque</span> <span class='ocrx_word' id='word_1_297' title='bbox 1021 4021 1181 4086; x_wconf 87' lang='lat' dir='ltr'>christiano</span> <span class='ocrx_word' id='word_1_298' title='bbox 1203 4022 1292 4086; x_wconf 86' lang='lat' dir='ltr'>militi</span> 
     </span>
     <span class='ocr_line' id='line_1_40' title="bbox 264 4109 1292 4194; baseline -0.013 -11"><span class='ocrx_word' id='word_1_299' title='bbox 264 4121 301 4183; x_wconf 90' lang='lat' dir='ltr'>ad</span> <span class='ocrx_word' id='word_1_300' title='bbox 317 4117 484 4182; x_wconf 85' lang='lat' dir='ltr'>custodiam</span> <span class='ocrx_word' id='word_1_301' title='bbox 500 4117 661 4194; x_wconf 85' lang='lat' dir='ltr'>attributis,</span> <span class='ocrx_word' id='word_1_302' title='bbox 675 4116 749 4178; x_wconf 85' lang='lat' dir='ltr'>vicit</span> <span class='ocrx_word' id='word_1_303' title='bbox 764 4115 793 4177; x_wconf 93' lang='lat' dir='ltr'>in</span> <span class='ocrx_word' id='word_1_304' title='bbox 812 4112 937 4177; x_wconf 76' lang='lat' dir='ltr'>consilio</span> <span class='ocrx_word' id='word_1_305' title='bbox 953 4111 1109 4190; x_wconf 88' lang='lat' dir='ltr'>sententia,</span> <span class='ocrx_word' id='word_1_306' title='bbox 1131 4109 1247 4173; x_wconf 85' lang='lat' dir='ltr'>tamdiu</span> <span class='ocrx_word' id='word_1_307' title='bbox 1261 4111 1292 4170; x_wconf 94' lang='lat' dir='ltr'>in</span> 
     </span>
     <span class='ocr_line' id='line_1_41' title="bbox 265 4198 1294 4287; baseline -0.009 -21"><span class='ocrx_word' id='word_1_308' title='bbox 265 4203 365 4267; x_wconf 84' lang='lat' dir='ltr'>castris</span> <span class='ocrx_word' id='word_1_309' title='bbox 379 4206 645 4283; x_wconf 86' lang='lat' dir='ltr'>commorandum,</span> <span class='ocrx_word' id='word_1_310' title='bbox 663 4202 820 4287; x_wconf 91' lang='lat' dir='ltr'>quousque</span> <span class='ocrx_word' id='word_1_311' title='bbox 835 4217 960 4285; x_wconf 84' lang='lat' dir='ltr'>purgata</span> <span class='ocrx_word' id='word_1_312' title='bbox 973 4198 1171 4263; x_wconf 88' lang='lat' dir='ltr'>cadaveribus</span> <span class='ocrx_word' id='word_1_313' title='bbox 1186 4218 1294 4258; x_wconf 89' lang='lat' dir='ltr'>emun-</span> 
     </span>
     <span class='ocr_line' id='line_1_42' title="bbox 266 4282 1293 4376; baseline -0.009 -21"><span class='ocrx_word' id='word_1_314' title='bbox 266 4294 396 4376; x_wconf 88' lang='lat' dir='ltr'>dataque</span> <span class='ocrx_word' id='word_1_315' title='bbox 410 4295 481 4358; x_wconf 89' lang='lat' dir='ltr'>urbs</span> <span class='ocrx_word' id='word_1_316' title='bbox 496 4293 556 4357; x_wconf 90' lang='lat' dir='ltr'>visa</span> <span class='ocrx_word' id='word_1_317' title='bbox 577 4291 649 4358; x_wconf 86' lang='lat' dir='ltr'>esser</span> <span class='ocrx_word' id='word_1_318' title='bbox 667 4291 871 4355; x_wconf 84' lang='lat' dir='ltr'>salubritatem</span> <span class='ocrx_word' id='word_1_319' title='bbox 893 4291 969 4354; x_wconf 73' lang='lat' dir='ltr'>airis</span> <span class='ocrx_word' id='word_1_320' title='bbox 988 4285 1140 4371; x_wconf 87' lang='lat' dir='ltr'>recepisse.</span> <span class='ocrx_word' id='word_1_321' title='bbox 1156 4282 1293 4351; x_wconf 89' lang='lat' dir='ltr'>Conces-</span> 
     </span>
    </p>
   </div>
   <div class='ocr_carea' id='block_1_3' title="bbox 0 0 1876 5628">
    <p class='ocr_par' dir='ltr' id='par_1_3' title="bbox 0 0 1876 5628">
     <span class='ocr_line' id='line_1_43' title="bbox 0 0 1876 5628; baseline 0 0"><span class='ocrx_word' id='word_1_322' title='bbox 0 0 1876 5628; x_wconf 95' lang='lat' dir='ltr'> </span> 
     </span>
    </p>
   </div>
  </div>
 </body>
</html>
