3726 5628
448 545 519 669 98.
546 542 809 638 burchardus
831 541 1120 674 Biberocenfis.
1215 574 1297 667 ¹57

273 807 441 886 sarraceni,
461 808 512 890 qui
524 807 655 870 exterius
669 823 765 886 erant,
784 805 901 890 pollent
915 809 1013 871 facere
1027 808 1177 890 impetum
1191 807 1299 886 ineos,

273 895 464 978 quodetiam
485 893 583 977 sepius
604 893 759 958 Sarraceni
775 911 1001 978 attemptatum.
1021 892 1057 958 In
1080 895 1126 958 his
1146 894 1298 958 conilid'ti·

273 983 329 1047 bus
340 983 521 1066 &operibus
533 981 774 1048 Colonienses&
789 983 813 1047 F
815 984 931 1046 resones
945 983 975 1046 dt
987 985 1036 1067 alij
1055 985 1093 1046 de
1106 984 1298 1047 inferioribus

273 1072 409 1154 partibus
437 1071 467 1134 se
491 1071 701 1135 strenuissimos
721 1073 752 1136 dc
777 1072 943 1135 laudabiles
966 1073 1178 1136 exbibuerunt.
1204 1071 1299 1135 Fama

273 1160 375 1242 itaque
400 1159 564 1242 divulgata,
585 1160 667 1242 quod
690 1159 801 1224 obsessa
822 1158 895 1222 esset
919 1161 1035 1239 civitas,
1060 1161 1187 1222 cottidie
1202 1160 1299 1222 crevit

273 1249 425 1310 exercitus
448 1246 638 1326 christianus,
661 1269 733 1310 nam
754 1247 842 1310 multi
874 1249 1088 1327 adventabant,
1115 1248 1195 1310 inter
1221 1268 1298 1332 quos

274 1337 354 1398 bone
369 1336 516 1397 memorie
534 1335 661 1398 Sisridus
682 1334 878 1420 Augustensrs
901 1337 1059 1419 episcopus
1081 1337 1111 1400 δι
1132 1357 1236 1400 comes
1260 1335 1299 1398 de

273 1424 441 1488 Vohcburc
454 1423 485 1486 dt
498 1423 547 1508 alij
564 1425 766 1507 quamplures
777 1427 976 1488 advenerunt.
986 1425 1102 1488 Videns
1114 1440 1217 1487 autem
1230 1424 1298 1488 Sol-

274 1513 379 1592 danus,
389 1513 472 1596 quod
489 1513 525 1574 ab
540 1511 697 1576 obsidione
710 1535 773 1576 non
790 1513 884 1594 posset
898 1536 952 1578 eos
965 1515 995 1575 vi
1010 1513 1156 1596 repellere
1176 1513 1225 1576 vel
1241 1513 1298 1576 suis

273 1600 420 1664 auxilium
441 1603 592 1681 conferre,
610 1602 692 1703 cepit
716 1602 755 1664 de
776 1623 851 1684 pace
875 1602 1013 1665 traslare.
1040 1601 1174 1664 Volebat
1195 1618 1298 1664 autem

209 1681 211 1696 ’
272 1690 399 1752 reddere
416 1690 584 1754 christianis
603 1691 758 1752 civitatem
773 1690 1012 1753 Hierosolimam
1026 1689 1056 1752 dt
1070 1709 1137 1752 eam
1158 1710 1298 1772 reparare

274 1779 304 1840 in
319 1778 415 1840 muris
429 1776 459 1840 dr
472 1776 610 1858 edificiis,
625 1775 699 1840 stcut
720 1794 786 1840 erat
800 1779 967 1860 quondam,
981 1778 1105 1862 quando
1127 1794 1213 1862 pater
1230 1777 1298 1842 suus
1395 1841 1417 1867 Ι
1432 1835 1436 1849 ,
1457 1798 1516 1843 ι

274 1862 431 1928 Saladinus
445 1864 528 1947 cepit
541 1866 679 1927 eandem.
695 1861 819 1947 Insuper
833 1887 958 1928 omnem
973 1882 1095 1944 terram,
1111 1886 1203 1949 quam
1223 1864 1331 1928 oliml'
1450 1860 1456 1868 '

275 1943 460 2034 possidebant
473 1952 625 2016 christiani
627 1955 785 2036 ,exceptis
800 1954 919 2016 duobus
943 1952 1053 2032 castris,
1073 1954 1196 2016 volebat
1213 1952 1298 2015 resti·

274 2057 369 2119 tuere,
390 2057 540 2124 quatenus
561 2043 737 2104 recederent
751 2042 789 2104 ab
803 2038 969 2104 obfidione.
1022 2063 1093 2104 uam
1102 2041 1299 2124 composino

272 2148 344 2190 nem
365 2127 482 2213 legatus
496 2129 571 2192 sedis
586 2128 750 2212 apostolice
764 2151 816 2213 qur
809 2129 935 2192 'aderat
956 2129 986 2192 dv
1041 2129 1177 2213 emplarij
1194 2129 1224 2192 dv
1246 2128 1296 2214 alij

274 2216 407 2280 restores
431 2219 579 2280 exercitus
601 2238 655 2301 pro
684 2218 733 2279 sua
763 2216 902 2300 superbia
929 2219 1090 2297 admittere
1114 2217 1297 2280 recusabant.

272 2299 349 2367 Ideo
363 2305 503 2388 contigit,
517 2323 550 2368 ιιι
564 2306 601 2368 ad
616 2307 775 2368 modicum
789 2304 923 2368 letificati
939 2306 1095 2390 gaudium,
1109 2307 1191 2390 quod
1210 2303 1298 2369 stulte

275 2395 313 2456 de
322 2391 462 2493 prqspero
476 2393 607 2456 successu
622 2411 818 2477 acceperunt,
831 2393 995 2457 infeliciter
1002 2395 1181 2484 perderent.
1200 2394 1298 2458 Cum-

229 2538 234 2549 ,
273 2501 333 2564 que
346 2480 452 2542 civitas
470 2482 531 2541 diu
538 2480 724 2544 obsideretur
736 2480 767 2543 dt
781 2481 882 2544 obsessi
905 2503 986 2544 nunc
1002 2475 1097 2561 same,
1110 2503 1192 2545 nunc
1217 2481 1298 2566 peste

250 2569 413 2668 perirent,
427 2567 570 2650 &portas
584 2569 714 2632 civitatis
737 2570 871 2670 undique
895 2571 988 2632 muris
1008 2569 1230 2671 obstruxissent,
1245 2589 1297 2654 pre
1407 2609 1409 2614 ι

271 2657 423 2718 anxietate
444 2676 555 2738 magno
576 2655 693 2719 silentio
708 2673 773 2720 tota
786 2659 893 2720 civitas
907 2659 1065 2720 conticuit
1081 2657 1158 2721 Sane
1173 2659 1298 2742 quidem

272 2743 302 2806 in
317 2745 452 2806 exercitu
464 2742 626 2805 christiano
638 2763 710 2806 cum
722 2743 901 2827 quibusdam
913 2745 1034 2808 occulte
1049 2743 1209 2809 consilium
1219 2749 1298 2826 iniit,

273 2848 306 2895 ut
320 2833 351 2894 in
367 2832 498 2914 quadam
512 2848 596 2914 parte
610 2832 741 2896 civitatis
757 2833 898 2896 clanculo
910 2835 948 2896 de
962 2833 1052 2896 nodie
1064 2833 1155 2897 scalas
1167 2835 1298 2898 advelre·

272 2936 348 2999 rent,
363 2941 417 3004 per
439 2940 513 3004 quas
529 2921 630 3002 primo
655 2919 791 2982 diluculo
816 2941 919 2984 muros
940 2922 1070 2984 civitatis
1096 2923 1299 3004 ascenderent,

272 3029 343 3072 nam
356 3008 489 3091 vigiles'
481 3029 542 3070 ram
563 3011 785 3072 conticuerant.
810 3009 921 3093 Sicque
942 3009 1057 3072 salitum
1077 3010 1129 3074 est.
1154 3011 1299 3115 Cumque

272 3095 465 3160 ascendissent
480 3118 583 3161 muros
603 3099 744 3176 civitatis,
758 3096 1004 3160 exclamaverunt
1013 3113 1134 3180 captam
1149 3097 1248 3162 esle'
1221 3103 1299 3164 crvi-

273 3199 375 3248 tatem.
387 3185 532 3270 Sicque'
512 3201 605 3249 trmor
616 3186 646 3248 δι
661 3187 731 3268 suga
748 3185 829 3248 fasta
843 3184 929 3248 sunt
923 3201 1002 3248 intra
1011 3207 1126 3266 muros,
1140 3205 1224 3250 extra
1244 3211 1298 3252 ve-

271 3291 305 3334 ro
320 3273 468 3337 tumultus
480 3275 636 3358 undique
628 3275 809 3338 irruentium
823 3275 855 3335 in
870 3273 965 3357 ipsam
985 3275 1142 3337 civitatem
1163 3273 1222 3339 five
1244 3301 1298 3363 per

271 3381 376 3425 muros
390 3362 616 3425 ascendentium
631 3361 689 3426 srve
705 3379 808 3446 portas
818 3361 847 3424 dc
856 3383 961 3425 muros
973 3361 1210 3445 infringendum.
1221 3365 1247 3429 F
1248 3389 1299 3430 ac-

272 3465 362 3533 taque
376 3451 439 3514 est'
432 3469 508 3514 rntra
527 3453 683 3516 civitatem
707 3453 796 3516 cedes
819 3453 951 3514 maxima
968 3452 1215 3533 Sarracenorum,
1235 3472 1297 3517 tam

272 3539 405 3601 virorum
418 3561 511 3622 quam
526 3539 689 3603 mulierum
704 3561 796 3624 quam
813 3540 1038 3622 parvulorum,
1031 3557 1114 3603 itaut
1128 3539 1199 3604 esset
1214 3543 1297 3605 mise-

271 3626 366 3690 rabile
403 3627 608 3710 spedlaculum
632 3630 724 3692 etiam
744 3625 813 3710 ipsrs
844 3629 1011 3692 christianis
1035 3629 1125 3693 reslis
1151 3631 1243 3693 corde
1267 3631 1298 3694 δι

270 3714 356 3778 flexis
377 3717 510 3779 humana
531 3718 744 3800 compassione.
774 3715 839 3778 lam
864 3716 1058 3800 expelluntur
1082 3717 1247 3799 sarraceni,
1268 3721 1319 3785 δι.
1448 3771 1451 3783 ι
1480 3760 1504 3786 u.

271 3804 420 3867 christiani
433 3805 581 3888 poffident
597 3807 752 3870 civitatem
767 3805 797 3869 dr
810 3804 934 3870 firmant
956 3829 1023 3871 eam
1038 3808 1183 3892 undique.
1199 3807 1296 3872 Multi
1322 3815 1348 3859 ὦ
1377 3803 1387 3816 ”
1586 3799 1590 3814 ’

271 3915 395 3977 quoque
417 3893 620 3976 principes&
653 3894 702 3979 alij
732 3895 884 3958 christiani
908 3897 1035 3960 cottidie
1050 3897 1251 3960 adveniebant
1265 3899 1296 3960 in

271 3982 363 4063 ipsam
383 3983 539 4045 civitatem
563 4003 617 4066 pro
648 3983 819 4046 defensione
844 3981 935 4066 ipsius
966 4001 1075 4047 contra
1104 3985 1295 4050 Sarracenos.

270 4067 355 4134 Inter
374 4091 451 4155 quos
471 4072 594 4133 advenit
613 4071 704 4134 etiam
723 4071 909 4136 Ludewicus
929 4075 990 4135 dux
1009 4073 1228 4152 Bawariorum,
1242 4075 1295 4156 qui

271 4159 331 4221 iam
347 4158 464 4221 dudum
477 4160 574 4222 suerat
585 4181 676 4223 cruce
691 4157 830 4243 signatus.

310 4247 454 4330 Cumque
469 4245 593 4330 poslella
609 4245 681 4312 esset
700 4250 806 4312 civitas
826 4269 845 4312 a
867 4249 1034 4313 christianis
1055 4250 1114 4313 iam
1140 4250 1232 4335 usque
1256 4250 1292 4313 ad
1308 4269 1365 4305 1221
