3656 5648
554 476 635 534 100
712 439 954 567 ‘seflimonio
985 438 1025 528 in
1062 432 1204 527 Gallia
1220 433 1402 558 scripto.

432 766 434 772 ,
474 715 533 764 1218
545 705 667 758 adventus
681 703 736 772 sepe
749 701 909 755 nuntiaretur.
923 701 953 752 ln
966 698 1064 752 basilica
1075 695 1193 768 principis
1214 697 1395 767 Apostolonun
1410 695 1501 750 sellum
1516 695 1570 748 Pu·

444 791 507 837 Febr.
517 804 533 837 a
545 783 689 838 nificationis
700 781 840 853 patriarcha
852 797 910 834 cum
923 780 963 834 sex
974 779 1095 850 episcopia
1107 777 1241 830 solenniter
1253 777 1397 832 celebrarit.

734 971 782 1036 82.
806 971 854 1034 De
873 969 1037 1054 edificatione
1058 969 1145 1050 cusiri
1159 970 1380 1052 peregrinorum
1486 984 1489 990 ’

581 1177 720 1248 Templarij
739 1194 799 1230 vero
811 1193 869 1230 cum
884 1175 990 1228 domino
1002 1173 1128 1228 Gualtero
1139 1175 1172 1227 de
1184 1171 1293 1227 Arenlis
1306 1173 1331 1225 δι
1347 1171 1433 1243 paucis
1452 1172 1571 1227 amilian·
1585 1185 1642 1249 αἱ).
1652 1187 1739 1244 m,
1750 1185 1785 1244 m

546 1259 612 1312 tibus
628 1255 763 1328 peregrinis
779 1257 804 1308 dr
821 1255 934 1326 hospitali
954 1254 986 1308 de
1004 1255 1083 1308 domo
1101 1252 1313 1317 Teutonicorum,
1331 1251 1436 1304 castrum
1453 1251 1496 1320 filij
1515 1252 1572 1320 Dei,
1665 1261 1733 1308 ¹¹3¹·

546 1339 614 1408 quod
634 1336 693 1389 olim
710 1337 869 1401 destructum,
887 1352 953 1387 nunc
970 1335 1076 1388 castrum
1095 1334 1284 1404 peregrinorum
1303 1331 1452 1402 appellatur,
1472 1331 1572 1386 firmare

545 1428 675 1489 ceperunt,
688 1415 757 1487 quod
771 1415 844 1468 litum
859 1416 893 1469 esi
902 1415 926 1467 in
939 1415 1029 1468 diocesi
1040 1413 1175 1468 Cesariensr
1188 1413 1252 1466 inter
1263 1411 1378 1482 Caiphan
1391 1415 1414 1464 dt
1432 1413 1571 1468 Cesaresm.

547 1497 625 1552 Cuius
639 1496 696 1548 sttua
710 1496 766 1548 talis
779 1495 824 1547 ests
837 1496 1036 1565 promontorium
1050 1493 1161 1563 amplum
1177 1492 1291 1545 &latum
1305 1491 1367 1544 mari
1378 1491 1501 1558 imminet,
1518 1509 1573 1545 mu·

547 1577 629 1630 nitum
646 1574 799 1640 naturaiiter,
815 1573 920 1644 scopulis
936 1573 969 1625 ad
986 1574 1143 1643 Aquilonem
1165 1574 1189 1624 dt
1208 1571 1373 1625 Occidentem
1394 1573 1420 1625 dt
1440 1570 1573 1637 Austrum,

548 1655 630 1708 uersus
643 1654 773 1707 Orientem
786 1655 859 1706 turris
875 1654 908 1706 esi
921 1653 992 1705 firma
1006 1653 1139 1706 &dudum
1153 1669 1168 1704 a
1186 1650 1322 1720 templariis
1340 1649 1457 1703 edificata
1474 1651 1498 1703 dt
1517 1650 1573 1720 pos·

549 1735 607 1788 sessa
628 1747 679 1786 tam
696 1751 786 1802 guerre
804 1751 881 1802 quarn
899 1746 1044 1802 treugarum
1061 1744 1181 1802 tempore.
1204 1729 1294 1783 Turris
1312 1743 1396 1783 autem
1414 1728 1508 1782 ibidem
1526 1729 1573 1782 suit

550 1809 628 1880 posrta
640 1809 700 1862 olim
713 1823 814 1881 propter
827 1811 987 1876 latrunculos,
1004 1810 1082 1881 quiin
1095 1811 1136 1864 ria
1148 1809 1228 1862 stricta
1237 1808 1372 1880 peregrinis
1382 1807 1574 1861 ascendentibus

549 1887 575 1942 in
591 1889 744 1942 Hierusalem
756 1893 780 1942 δι
794 1889 999 1942 descendentibus
1011 1891 1045 1942 ab
1057 1905 1087 1942 ea
1102 1887 1289 1952 insrdiabantut‚
1302 1888 1369 1940 haud
1385 1887 1472 1956 procul
1485 1905 1501 1940 a
1512 1885 1575 1938 mari

550 1969 651 2034 diliana,
662 1986 712 2038 que
724 1980 825 2038 propter
837 1969 903 2022 uiam
916 1969 1021 2022 siriciam
1035 1967 1153 2022 districtio
1163 1967 1345 2038 appellabatur.
1360 1967 1434 2020 Toto
1446 1967 1497 2020 sere
1509 1979 1575 2019 tem·

552 2063 620 2114 pore,
633 2064 685 2116 quo
695 2041 835 2100 Cesaricu'm
847 2048 954 2100 castrum
967 2047 1096 2100 firmatum
1106 2046 1173 2100 est&
1187 2046 1397 2112 consummatum,
1407 2045 1529 2115 templarii
1544 2063 1575 2098 ex

551 2126 688 2178 transverso
700 2127 864 2197 promontorii
878 2127 1001 2180 fodientes
1015 2129 1039 2180 tr
1051 2127 1194 2179 laborantes
1207 2144 1251 2196 per
1270 2126 1309 2178 sex
1325 2125 1507 2190 hebdomadas,
1519 2138 1576 2178 tan-

551 2204 608 2257 dem
624 2205 655 2257 ad
672 2205 862 2259 firndamentum
875 2205 984 2278 primum
999 2219 1171 2276 peruenerunt,
1189 2206 1231 2258 ubi
1249 2223 1334 2258 murus
1351 2205 1470 2274 antiquus
1490 2202 1576 2273 spissus

551 2287 575 2338 bt
588 2285 678 2354 longus
690 2286 812 2356 apparuit.
827 2287 931 2339 lnrenta
945 2287 979 2340 esl
992 2287 1067 2339 etiam
1079 2285 1184 2355 pecunia
1193 2285 1218 2338 in
1229 2299 1331 2338 moneta
1341 2284 1468 2337 modernis
1478 2283 1576 2353 ignota,

551 2363 644 2417 collata
656 2364 778 2418 beneficio
791 2364 834 2433 filij
850 2365 897 2418 Dei
912 2365 1030 2418 militibus
1048 2365 1094 2418 suis
1107 2366 1140 2417 ad
1152 2363 1296 2418 allevandos
1308 2365 1405 2416 labores
1418 2364 1443 2416 dc
1456 2363 1575 2433 sumptura.

552 2441 650 2494 Deinde
670 2443 695 2494 in
707 2443 823 2496 anteriori
842 2456 912 2514 parte
929 2459 1031 2495 arenam
1045 2445 1207 2512 deportantes
1223 2445 1248 2496 dr
1266 2441 1398 2507 fodientes,
1413 2441 1476 2494 allus
1490 2457 1577 2495 murus

553 2521 651 2574 breuior
664 2534 774 2592 repertus
783 2523 827 2590 est,
837 2525 861 2576 ir
871 2523 934 2576 inter
947 2519 1077 2576 murorum
1087 2521 1215 2593 planitiem
1227 2521 1308 2576 sontes
1317 2539 1383 2593 aque
1391 2521 1471 2574 dulcis
1483 2521 1576 2574 ibidem

552 2599 653 2670 largiter
666 2602 828 2655 ebulliebant.
846 2603 972 2673 Lapidum
987 2604 1062 2654 etiam
1075 2603 1099 2655 tr
1118 2601 1225 2655 cementi
1240 2600 1365 2656 Dominus
1377 2601 1477 2672 copiam
1496 2600 1579 2652 minis-

554 2680 637 2732 travit.
661 2681 719 2733 Due
735 2694 813 2735 turres
836 2682 982 2735 edificantur
1001 2693 1059 2735 ante
1080 2681 1187 2734 frontem
1204 2680 1275 2734 castri
1295 2681 1420 2751 lapidibus
1436 2679 1537 2751 quadris
1553 2681 1578 2733 dr

553 2758 644 2812 dolatis
654 2771 722 2812 tante
730 2761 886 2830 quantitatis,
900 2776 928 2814 ut
936 2762 998 2831 lapis
1013 2779 1076 2814 unus
1087 2761 1149 2813 rixa
1159 2760 1259 2814 duobus
1269 2760 1366 2813 bubalis
1379 2761 1403 2813 in
1415 2776 1488 2814 cuttu
1498 2759 1581 2812 tralte·

555 2839 636 2891 batur.
651 2842 764 2910 Utraque
779 2841 851 2893 turris
864 2853 981 2894 centenos
994 2842 1071 2894 habet
1084 2841 1159 2912 pedes
1172 2842 1197 2893 in
1211 2840 1405 2910 longitudinem,
1417 2857 1450 2904 74
1459 2839 1483 2892 in
1496 2839 1581 2892 latitu-

554 2919 622 2982 dine,
633 2918 760 2990 spissrtudo
774 2921 844 2974 binas
856 2920 999 2974 intercludit
1010 2919 1153 2984 testudines,
1170 2920 1280 2973 altitudo
1290 2919 1424 2989 plurimum
1444 2919 1582 2972 ascendens

555 2996 723 3052 cellitudinem
737 3000 904 3070 promontorii
926 3000 1114 3070 transgreditur,
1132 3000 1198 3054 inter
1214 3001 1277 3053 duas
1294 3011 1372 3054 turres
1392 3017 1479 3054 murus
1500 3017 1582 3052 nouus

556 3080 580 3132 da
592 3077 658 3132 altus
671 3097 728 3131 cum
742 3079 936 3150 propugnaculis
948 3081 1134 3134 consummatus
1144 3080 1187 3145 esi,
1199 3082 1224 3132 dr
1234 3079 1298 3133 miro
1309 3079 1415 3134 artilicio
1429 3079 1582 3146 intrinsecus,

557 3157 651 3227 equites
660 3160 750 3212 armati
762 3177 806 3228 per
818 3160 911 3230 gradm
929 3160 1062 3214 ascendere
1079 3159 1220 3230 possunt&
1237 3159 1394 3220 descendere.
1413 3162 1477 3212 Item
1495 3176 1582 3212 murus

557 3236 618 3291 alius
630 3238 705 3307 paulo
723 3239 814 3292 distans
831 3258 847 3292 a
868 3240 975 3292 turribus
988 3239 1132 3294 extenditur
1147 3242 1181 3292 ab
1199 3255 1250 3294 uno
1267 3240 1343 3293 latere
1359 3239 1434 3292 maris
1455 3239 1489 3292 ad
1505 3237 1582 3304 aliud,

557 3332 663 3390 puteum
679 3320 774 3372 habens
789 3338 855 3390 aque
875 3321 930 3374 riae
951 3321 1080 3374 inclusum.
1100 3321 1305 3374 Promontorium
1326 3323 1360 3373 ab
1376 3331 1484 3390 utroque
1506 3320 1582 3374 latere

558 3415 630 3452 muro
641 3399 750 3468 cingitur
762 3400 816 3452 alto
835 3403 940 3455 &novo
958 3403 1035 3471 usque
1050 3401 1082 3454 ad
1102 3419 1182 3472 rupea
1205 3401 1351 3455 Oratorium
1372 3419 1430 3456 cum
1447 3401 1541 3472 palatio
1558 3404 1583 3455 it

557 3479 674 3532 domibus
695 3479 806 3551 plurimis
830 3482 936 3535 castrum
957 3482 1069 3536 includit.
1098 3481 1181 3536 Huius
1204 3481 1294 3550 edificii
1317 3481 1396 3552 prima
1425 3482 1459 3534 esl
1480 3481 1582 3548 utilitas,

558 3559 628 3630 quod
645 3572 782 3613 conuentus
800 3562 987 3631 templariorum
1006 3563 1109 3616 edusius
1128 3562 1161 3614 de
1178 3563 1317 3631 peccatrice
1333 3564 1358 3616 δι
1379 3563 1447 3616 omni
1463 3561 1584 3631 spurcicia

558 3639 632 3707 plena
644 3640 745 3696 civitate
760 3641 865 3708 Athon,
884 3643 907 3694 in
920 3643 996 3695 huius
1008 3642 1079 3696 castri
1092 3642 1195 3712 presidio
1207 3643 1328 3696 refidebat
1340 3643 1417 3713 usque
1433 3644 1465 3695 ad
1484 3659 1584 3712 repara·

560 3717 654 3771 tionem
672 3737 801 3774 murorum
821 3721 984 3775 Hierusalem.
1006 3721 1173 3774 Territorium
1197 3722 1340 3776 munitionis
1359 3721 1475 3792 piscariis,
1494 3722 1584 3787 salinis,

561 3799 665 3867 pascuis,
680 3801 756 3870 agris,
769 3803 794 3854 de
807 3800 889 3854 herbis
901 3802 1022 3867 abundat,
1035 3803 1059 3854 dr
1073 3801 1149 3855 vineis
1161 3819 1263 3872 quoque
1276 3801 1393 3872 plantatis
1405 3804 1430 3856 δι
1442 3802 1583 3872 plantandis

561 3877 673 3931 hortis&
688 3881 803 3950 pomeriis
815 3882 969 3935 habitatores
982 3881 1098 3935 delesiat.
1122 3883 1191 3935 Inter
1205 3882 1300 3936 Acbon
1314 3884 1339 3935 dr
1352 3882 1507 3936 Hierusalem
1517 3885 1584 3937 nulla

552 3957 595 4010 eli
607 3959 721 4025 munitio,
735 3978 811 4030 quarn
823 3973 925 4015 teneant
940 3962 1063 4015 Saraceni.
1078 3962 1152 4016 Unde
1164 3962 1196 4015 de
1210 3963 1259 4015 hoc
1271 3963 1351 4015 castro
1367 3980 1434 4016 noro
1446 3961 1582 4034 plurimum

561 4037 752 4093 damnificantur
764 4041 882 4095 increduli
894 4044 917 4094 dr
931 4055 1025 4094 terrore
1036 4041 1122 4094 divino
1135 4042 1199 4111 ipsos
1211 4040 1316 4112 fugante
1325 4043 1380 4095 loca
1392 4043 1460 4095 culta
1473 4043 1584 4098 deserere

487 4143 489 4148 ·
563 4129 695 4188 coguntur.
719 4123 767 4173 Sea
786 4121 932 4175 milliaribus
953 4121 1059 4176 distata
1079 4133 1165 4175 monte
1185 4113 1305 4187 Th'abor,
1328 4122 1394 4175 unde
1418 4121 1490 4176 huius
1512 4123 1584 4176 casiri

563 4196 711 4252 construslio
724 4199 772 4254 stre
786 4201 927 4256 constitutio
939 4201 1004 4256 sorte
1015 4203 1062 4256 suit
1073 4203 1147 4256 causa
1159 4199 1330 4255 delirudiionis
1349 4202 1493 4256 munitionis
1509 4203 1584 4262 illius,
