3716 5628
557 503 644 622 276
744 501 986 630 Testimoniu
1008 501 1050 591 ia
1071 497 1196 592 stolio
1211 498 1390 626 scriptu.

481 789 540 836 ηις
554 763 716 840 accessere-3
731 785 800 846 pars
815 762 1004 826 commissam
1017 763 1055 825 ab
1070 761 1155 824 hoste
1170 761 1272 844 fugam
1286 761 1317 824 dt
1330 759 1435 840 casira,
1448 776 1483 824 ut
1495 777 1580 826 erant

553 857 679 937 integra,
707 853 774 934 capi
803 849 887 934 posse
913 849 1079 914 christianis
1107 850 1235 912 ducibus
1259 849 1485 913 renunciarunt.
1512 846 1580 937 Qui

553 942 667 1006 ratibus
678 941 714 1002 ad
731 939 760 1002 id
777 941 896 1022 pridem
910 939 1020 1021 paratis
1031 959 1154 1001 amnem
1165 937 1405 1013 transmiserunt;
1419 936 1450 1000 δι
1461 954 1581 1019 reperta

554 1033 584 1095 in
608 1029 739 1093 hostium
764 1027 865 1090 castris
887 1047 1010 1089 annona
1029 1027 1257 1108 impedimentis
1272 1047 1396 1109 quoque
1411 1046 1446 1088 ac
1461 1026 1581 1090 ditioris

553 1134 714 1202 apparatus
729 1114 907 1199 supelledlili
919 1116 1070 1178 exercitus
1089 1114 1268 1178 christianus
1283 1117 1378 1197 magis
1389 1135 1482 1197 quam
1497 1115 1581 1198 prius

552 1207 588 1270 ad
605 1205 826 1288 nrrriphaream
841 1203 884 1265 est
898 1201 1041 1287 repletus.
1057 1200 1173 1264 Asteris
1192 1201 1316 1263 subinde
1330 1201 1433 1264 castris
1454 1203 1490 1264 ad
1513 1224 1581 1265 eam

553 1309 668 1376 partem
684 1289 797 1374 positis,
817 1313 877 1375 que
893 1293 975 1374 prius
992 1307 1085 1373 ponte
1101 1291 1274 1367 iunxerunt,
1290 1288 1435 1352 Damiata
1445 1291 1581 1375 undique

552 1382 595 1444 est
609 1379 729 1443 obsessa.
745 1378 824 1442 Eam
845 1379 958 1442 soldani
979 1381 1090 1463 fugam,
1111 1399 1164 1442 eos
1184 1377 1415 1440 christianorum
1435 1377 1582 1444 successus

552 1492 624 1538 cum
644 1466 770 1531 audisset
792 1469 990 1546 Corradinus,
1011 1467 1142 1531 Saladini
1162 1467 1238 1528 olim
1257 1465 1348 1545 silius,
1369 1466 1582 1551 Hierosolyma

553 1557 632 1621 ultra
643 1556 800 1620 retinende
815 1556 899 1638 spem
908 1557 1028 1619 abiecit.
1041 1554 1148 1643 Quam
1159 1575 1198 1617 ne
1209 1554 1361 1618 christiani
1372 1571 1494 1638 captam
1509 1556 1582 1618 reti-

553 1667 624 1710 nere
653 1643 780 1728 possent,
807 1644 941 1708 desolare
969 1644 1144 1706 constituit:
1173 1644 1225 1727 qui
1251 1660 1352 1706 tamen
1380 1665 1398 1706 a
1424 1644 1582 1727 sepulchro

506 1739 507 1752 ¹
554 1733 686 1799 Domini
697 1733 790 1796 nostri
802 1731 866 1795 lesu
876 1733 987 1797 Christi
999 1731 1143 1796 violando
1154 1730 1289 1795 scelestas
1296 1732 1450 1795 continuit
1461 1752 1582 1804 manusr

552 1820 672 1884 causam
699 1840 773 1882 vero
806 1818 955 1902 sepulchri
984 1818 1154 1902 templique
1182 1817 1297 1897 intadti,
1325 1841 1418 1902 quarn
1442 1819 1581 1882 nonnulli

552 1909 680 1971 afferunt
694 1907 793 1970 delate
808 1923 890 1970 tante
904 1907 1065 1970 christiane
1079 1905 1235 1989 religionis
1253 1907 1442 1969 venerationi
1464 1909 1582 1970 omitti-

554 2016 632 2073 mus,
659 1995 813 2080 magisque
844 1997 1007 2074 credimus,
1034 1995 1188 2074 surianos,
1215 1993 1384 2077 Ethyopas,
1407 1996 1584 2077 Armenios,

555 2083 751 2166 Georgianos
773 2084 803 2147 δι
828 2083 905 2146 alios
930 2083 1000 2145 Alie
1025 2083 1202 2145 christianos
1226 2081 1473 2166 Hierosolymam
1497 2085 1584 2146 inco-

554 2170 651 2234 lentes
672 2168 786 2233 multos
808 2170 986 2233 numero&
1006 2170 1124 2252 magnis
1145 2170 1279 2233 subditos
1301 2168 1373 2233 Afie
1397 2169 1428 2233 δι
1448 2171 1584 2254 Aphrice

555 2257 744 2340 principibus
758 2279 793 2320 ea
807 2256 876 2319 loca
889 2256 966 2319 dirui
985 2257 1217 2339 comminuique
1232 2256 1427 2339 prohibuisse,
1451 2279 1585 2342 quorum

556 2346 673 2407 ratione
695 2343 724 2406 δι
744 2343 831 2406 causa
851 2365 919 2405 eam
939 2341 1111 2406 incolerent
1129 2344 1295 2424 civitatem,
1318 2366 1485 2428 eorumque
1510 2340 1585 2408 delr-

555 2434 673 2495 deriutn
688 2430 728 2494 stc
742 2432 922 2495 Sarracenos
936 2430 985 2493 vel
999 2432 1112 2495 invitos
1136 2431 1341 2516 acquievisset,
1365 2431 1440 2497 ficut
1463 2431 1586 2496 eosdem

555 2519 782 2602 suspedliffimos
810 2518 978 2602 invisosque
1006 2520 1091 2582 omni
1112 2537 1252 2602 tempore
1279 2538 1431 2605 coguntur
1445 2521 1584 2583 tolerare.

557 2607 679 2686 Castris,
701 2625 734 2670 ut
759 2609 902 2687 diximus,
922 2609 959 2669 ad
988 2607 1167 2671 Damiatam
1186 2610 1321 2694 undique
1347 2628 1427 2674 terra
1444 2629 1585 2673 commu·

555 2697 637 2774 uitis,
659 2695 798 2777 Niloque
819 2695 913 2758 fluvio
928 2695 1023 2759 elaffis
1038 2696 1081 2759 est
1093 2697 1206 2776 addita,
1228 2698 1257 2760 δι
1278 2701 1367 2762 vinee
1388 2697 1503 2777 adacte,
1523 2695 1586 2760 cas-

556 2783 628 2846 tella
644 2787 784 2862 excitata,
801 2784 1008 2867 machinisque
1026 2788 1256 2870 oppugnatione
1268 2787 1410 2871 sepissime
1429 2787 1586 2866 intentata,

556 2875 731 2957 nec-magis
754 2875 849 2956 probe
874 2874 986 2958 agitata
1007 2875 1190 2938 extrinsecus
1214 2877 1285 2940 urbs
1307 2877 1473 2959 prevalida,
1494 2896 1587 2959 quam

557 2961 676 3024 sortiter
700 2962 878 3025 intrinsecus
903 2963 1054 3025 defensata
1078 2963 1129 3025 est.
1159 2961 1322 3048 Primaque
1340 2965 1415 3028 estas
1436 2965 1586 3046 &hyems

504 3089 543 3120 un.
557 3070 672 3132 verque
687 3048 874 3113 subsecutum
888 3073 926 3112 eo
939 3071 1025 3113 more
1037 3051 1073 3112 ad
1087 3049 1264 3116 Damiatam
1275 3054 1388 3117 aetum.
1400 3053 1450 3116 Ad
1462 3049 1587 3114 Iunium

557 3159 631 3200 vero
646 3137 770 3201 alterius
785 3137 883 3200 estatis
895 3137 1028 3200 mensem
1040 3137 1180 3202 soldanus
1192 3140 1295 3204 medio
1306 3144 1385 3204 inter
1395 3139 1586 3226 Babylonem

558 3225 798 3310 Damiatamque
813 3228 908 3309 spatio
922 3225 1016 3288 castra
1029 3227 1135 3290 habuit
1148 3231 1339 3292 communita
1349 3231 1490 3292 inumero
1501 3247 1587 3291 exer-

558 3317 620 3379 citu
637 3317 855 3379 redundantia:
869 3337 927 3380 nec
938 3316 1007 3379 ullis
1019 3317 1128 3379 adduci
1143 3334 1261 3400 poterat
1275 3319 1507 3398 irritationibus,
1516 3316 1587 3380 nul·

558 3405 595 3468 lis
604 3404 779 3468 nostrorum
787 3407 910 3484 artibus,
922 3422 954 3467 ut
969 3427 1070 3489 pugne
1081 3407 1203 3488 copiam
1214 3405 1307 3470 vellet
1321 3406 1429 3470 facere.
1441 3405 1588 3470 Tandem

559 3493 613 3556 soli
628 3515 666 3556 ex
679 3493 911 3555 christianorum
922 3495 1055 3556 exercitu
1065 3491 1166 3576 gallici
1180 3514 1320 3576 proceres
1331 3495 1424 3558 hostis
1435 3495 1587 3578 ignaviam

560 3581 674 3666 aliquo,
696 3597 730 3644 ut
754 3581 907 3661 dixerunt,
931 3582 1046 3665 ingenti
1071 3582 1223 3645 dedecore
1251 3599 1303 3645 aut
1330 3584 1442 3646 damno
1468 3583 1588 3646 afficere

559 3669 789 3734 constituerunt
803 3667 1002 3754 Ioannesque,
1010 3670 1222 3753 Hierosolyma
1232 3692 1296 3751 rex,
1306 3689 1452 3755 tanquam
1459 3671 1587 3755 gallicus

559 3760 655 3842 magis
670 3781 762 3842 quam
777 3760 838 3822 dux
853 3761 1004 3824 exercitus
1016 3761 1138 3824 illorum
1149 3763 1307 3826 audaciam
1322 3763 1587 3842 temeritatemque

559 3847 677 3910 secutus
701 3847 752 3910 est
774 3845 799 3909 F
801 3848 859 3910 aeti
884 3850 916 3911 in
940 3850 1137 3932 conspeetum
1161 3851 1254 3915 hostis
1275 3852 1385 3915 strudla
1406 3849 1471 3912 acie
1485 3847 1587 3930 gallici

560 3937 670 4019 probra
684 3938 714 4000 in
733 3935 850 4000 hostem
865 3937 954 4002 dietis
973 3937 1311 4023 gesticulationibusque
1333 3940 1500 4003 iadiavere:
1523 3935 1588 3999 val·

560 4025 624 4088 lum
638 4025 802 4109 aliquando
818 4026 957 4089 scandere
971 4027 1202 4108 comminati,&
1217 4045 1334 4112 partem
1345 4029 1403 4092 esse
1412 4028 1588 4092 nostrorum

559 4115 711 4179 exercitus
726 4116 894 4195 minimam,
908 4115 1061 4179 Sarraceni
1078 4117 1116 4178 de
1130 4117 1368 4202 propugnaculis
1382 4118 1413 4179 iu
1428 4114 1586 4199 campestri

561 4201 624 4264 solo
640 4202 768 4266 faciliter
781 4203 1047 4288 recognoscebant
1064 4202 1170 4291 Quare
1185 4205 1263 4268 fasta
1277 4206 1315 4267 de
1333 4221 1458 4288 repente
1478 4205 1508 4267 δι
1522 4224 1588 4266 rna·

560 4290 627 4375 gnis
641 4289 836 4372 clamoribus,
851 4308 884 4355 ut
898 4291 941 4354 est
953 4294 1052 4376 gentis
1066 4314 1144 4375 mos,
1158 4294 1319 4376 eruptione
1331 4292 1496 4360 Gallorum
1507 4289 1587 4356 inso-
