3656 5648
422 553 485 613 ιο.
529 521 762 614 Cironioon
796 523 1055 650 viconiense.
1216 557 1268 650 ¹9

236 787 287 849 hic
304 783 465 849 Druardus
479 806 551 849 cum
566 787 687 869 prefatis
702 788 742 865 iv,
766 787 852 851 adius
866 788 1005 850 desemnt
1018 787 1162 869 nefarios,
1185 788 1266 853 &ad

238 874 395 940 Ordinem
409 889 443 937 ut
464 871 601 937 conversi
623 874 651 937 se
664 874 865 952 converiunt3
887 877 996 940 vivunt
1014 877 1044 939 in
1062 876 1195 957 Ordine,
1216 879 1268 961 qui

237 963 403 1025 inordinati
417 962 581 1024 extiterant
587 989 596 1040 3
622 961 722 1045 palam
738 963 893 1043 incedunt,
917 966 969 1047 qui
992 966 1022 1027 in
1037 963 1171 1030 latibulis
1187 969 1268 1048 prius

236 1051 452 1127 morabantur3
477 1051 565 1113 bonis
590 1050 706 1113 anilibus
730 1050 904 1130 inserviunt,
928 1053 981 1136 qui
1006 1051 1043 1113 ad
1069 1051 1217 1116 nefandos
1240 1051 1268 1114 se

236 1138 436 1202 extenderant
449 1139 544 1202 aetus.
560 1139 685 1221 Nempe
699 1141 791 1202 docet
805 1161 870 1220 eos,
891 1142 944 1223 qui
961 1139 1067 1223 preest,
1090 1157 1153 1203 tam
1168 1141 1268 1224 predi-

236 1229 366 1290 cationis
393 1227 499 1305 verbo,
526 1247 619 1309 quam
647 1225 885 1290 conversationis
913 1228 1066 1310 exemplo.
1095 1226 1200 1291 Etiam
1228 1225 1269 1292 fic

237 1315 366 1397 Spiritus
381 1315 482 1378 Sandii
506 1317 602 1397 gratia
628 1317 659 1377 in
674 1317 737 1378 vita
756 1315 856 1376 extitit
877 1315 1041 1395 debriatus,
1067 1331 1101 1379 ut
1122 1315 1269 1378 meruerit

236 1424 345 1486 pacem
356 1404 435 1466 inter
447 1403 636 1486 Ysengrinos
646 1403 676 1466 δι
687 1400 712 1465 F
714 1402 883 1466 laventinos
894 1403 943 1465 vel
958 1401 983 1466 F
984 1405 1140 1487 lampades
1152 1405 1183 1466 in
1199 1425 1268 1486 par-

218 1511 221 1516 ·
237 1492 317 1554 tibus
333 1491 498 1554 Hollandie
512 1490 543 1553 dc
558 1491 709 1555 Zelandie
724 1489 754 1552 δι
768 1489 794 1552 F
796 1489 923 1569 landrie,
943 1512 1036 1574 quam
1050 1490 1152 1554 nullus
1167 1490 1268 1552 homi-

237 1602 310 1642 num
325 1595 504 1662 attemptare
519 1581 634 1663 quibat,
647 1580 707 1642 five
721 1599 783 1659 rex,
804 1579 863 1641 srve
877 1601 992 1658 comes,
1008 1595 1060 1643 aut
1074 1580 1159 1658 baro,
1173 1581 1268 1641 refor-

237 1689 329 1730 mare.
338 1667 386 1731 Sic
395 1685 496 1731 autem
505 1689 614 1752 guerra
622 1684 684 1730 erat
692 1671 769 1731 inter
779 1689 842 1746 eos,
853 1668 936 1753 quod
948 1686 1034 1750 pater
1044 1667 1143 1730 silium
1152 1668 1267 1731 habens

236 1757 374 1836 obvium,
397 1773 449 1819 aut
469 1755 550 1820 silius
573 1773 699 1840 patrem,
722 1777 795 1820 mox
818 1757 990 1820 immaniter
1012 1756 1157 1819 sevientes
1172 1754 1267 1819 collisi
1295 1775 1304 1793 ·

237 1845 348 1928 pariter
370 1843 445 1907 alter
466 1844 593 1907 alterum
607 1844 779 1908 suffocabat
804 1843 900 1907 Erant
921 1861 1024 1907 autem
1045 1845 1165 1908 nobiles
1180 1843 1269 1907 valde

237 1955 390 2016 unapars,
413 1932 518 1996 residui
540 1954 614 1996 vero
638 1931 712 1997 sicut
726 1932 812 2016 supra
834 1933 952 1995 didlum
975 1933 1027 2014 cib
1052 1933 1090 1996 de
1114 1933 1267 1997 territorio

237 2020 382 2084 Furnensi
405 2023 435 2083 in
451 2019 476 2084 F
478 2020 603 2102 landria,
626 2023 657 2084 in
682 2022 752 2083 loco
774 2037 826 2084 aut
840 2023 958 2084 circum
972 2023 1064 2102 circa,
1089 2023 1142 2105 qui
1157 2021 1268 2085 dicitur

237 2110 369 2194 Cayens,
388 2125 624 2174 commorantes.
649 2110 721 2173 Hoc
741 2130 868 2172 cernens
883 2109 1000 2174 sandius
1015 2128 1110 2193 pater,
1124 2110 1222 2174 fidens
1237 2111 1267 2173 in

238 2199 389 2279 Domino,
402 2200 452 2261 cui
463 2197 611 2282 poffibilia
621 2198 687 2261 sunt
698 2198 843 2278 universa,
858 2197 927 2261 illos
938 2200 1112 2282 aggreditur
1124 2200 1154 2261 in
1166 2199 1268 2262 verbis

237 2284 388 2367 dulcibus,
408 2287 530 2351 dicens:
555 2308 617 2350 non
639 2285 697 2350 else
711 2285 882 2365 honestum,
906 2288 1000 2349 etiam
1020 2287 1100 2369 apud
1117 2288 1268 2366 homines,

237 2373 412 2458 sanguinem
422 2376 461 2438 fic
473 2374 599 2438 sundere
611 2377 865 2458 propinquorum,
879 2375 952 2459 quid
965 2395 1038 2458 ergo
1050 2376 1129 2456 apud
1144 2371 1268 2452 Deum;

235 2467 282 2530 sed
298 2461 356 2527 elle
370 2464 481 2527 iustum
506 2464 665 2527 bellum&
680 2463 867 2546 acceptabile
892 2462 964 2526 Deo
980 2463 1170 2542 sacrificium,
1194 2460 1214 2524 fi
1230 2462 1266 2525 ad

234 2553 376 2616 inimicos
391 2551 504 2616 Christi
526 2551 554 2614 se
568 2567 750 2615 convertant
771 2571 826 2633 pro
841 2551 1054 2634 consequenda
1067 2551 1158 2614 venia
1172 2550 1268 2613 delic-

234 2658 347 2704 torum.
371 2639 536 2723 Expromit
556 2661 660 2703 coram
675 2640 718 2704 eis
733 2639 867 2721 paetum,
891 2638 974 2722 quod
989 2660 1061 2701 cum
1075 2639 1119 2702 eis
1133 2639 1191 2702 erit
1204 2639 1267 2702 dux

233 2729 360 2809 itineris,
373 2728 404 2791 dc
417 2729 457 2792 fic
472 2749 530 2812 pax
545 2731 623 2792 inter
638 2749 692 2792 eos
706 2729 896 2792 reformatur.
923 2726 1026 2791 Placet
1044 2724 1169 2810 singulis
1183 2729 1266 2810 quod

233 2817 351 2881 dimum
365 2819 418 2898 eli,
442 2816 589 2880 &osculo
611 2817 693 2879 sabio
708 2818 787 2880 inter
800 2817 955 2899 capitales,
979 2818 1149 2899 preparatis
1163 2817 1266 2880 neces·

233 2906 314 2969 fariis
328 2905 650 2986 viamtransmarinam
664 2927 737 2968 cum
751 2904 809 2968 suis
824 2906 930 2988 arripit
946 2921 1048 2968 tantus
1063 2919 1157 2987 pater.

275 2995 366 3058 Unde
375 2996 500 3058 veniens
511 3015 584 3056 cum
594 2994 646 3056 suo
657 2994 806 3058 comitatu
818 2994 854 3056 ad
868 2993 1037 3056 infidelium
1048 2991 1124 3056 fines
1135 3009 1266 3058 armatus

234 3083 265 3145 in
279 3083 374 3145 lorica
389 3083 419 3146 δι
432 3083 528 3168 galea,
542 3082 667 3166 desuper
680 3103 766 3144 arma
779 3084 939 3165 caputium
953 3081 1130 3144 ordinatum
1141 3081 1267 3162 habens,

233 3171 401 3234 incedebat
412 3155 562 3234 ‘Pontem
585 3171 740 3253 quendam
769 3170 867 3232 cernit
894 3191 912 3230 a
936 3169 1075 3231 nefandis
1096 3167 1266 3233 obsessum:

203 3307 206 3312 .
234 3280 307 3321 mox
328 3257 379 3322 suo
396 3261 494 3342 primo
516 3259 643 3322 introitu
660 3259 756 3340 pergit
771 3257 914 3320 audadier
936 3259 973 3320 ad
990 3272 1127 3338 pontem,
1151 3257 1200 3320 sed
1224 3259 1265 3321 sui

233 3349 315 3410 viam
337 3350 431 3431 patris
451 3368 514 3410 non
538 3346 713 3430 sequuntur,
738 3348 832 3411 territi
858 3349 969 3412 timore
993 3348 1112 3426 mortis,
1137 3347 1210 3431 quia
1233 3347 1264 3408 in

232 3457 361 3499 numero
381 3439 480 3499 nimio
500 3436 658 3518 exsuperat
671 3457 725 3500 eos
739 3435 871 3499 hostium
886 3436 1062 3500 multitudo.
1087 3435 1266 3498 Revertitur

233 3527 269 3588 ad
279 3525 360 3601 suos;
370 3525 615 3588 territosanimat
625 3524 663 3588 ad
673 3522 821 3606 palmam3
832 3523 1264 3588 coronamimmarceffibilem

231 3615 417 3696 repromittit
431 3613 550 3676 dicens:
570 3638 583 3669 ‹
599 3612 697 3698 Quod
713 3633 776 3674 non
792 3611 823 3676 in
839 3613 943 3676 multis
958 3612 1007 3675 vel
1022 3615 1127 3696 paucis
1142 3612 1185 3675 est
1200 3613 1264 3674 sor-

235 3729 247 3761 ι
263 3703 361 3765 titudo
372 3700 455 3780 belli,
464 3700 512 3763 sed
524 3701 554 3764 in
567 3701 680 3764 virtute
692 3700 754 3763 Dei
767 3700 903 3784 desuper.
915 3702 1143 3786 Aggrediamur
1153 3701 1265 3780 hostes,

235 3817 247 3848 ι
263 3788 428 3851 moriamur
437 3787 563 3871 pariter;
578 3786 694 3850 bellum
704 3789 820 3850 etenim
833 3788 964 3852 Domini
977 3789 1033 3852 est:
1049 3789 1173 3872 pastoris
1186 3789 1266 3852 inter

235 3899 317 3940 ‹vos
336 3898 411 3960 gero
426 3875 561 3938 officium
568 3903 577 3951 ;
603 3877 737 3938 animam
764 3897 864 3940 meam
890 3900 946 3960 pro
974 3879 1132 3942 animabus
1161 3877 1264 3942 vestris

236 3987 380 4048 ‹pono›
398 3965 544 4027 Attamen
569 3985 676 4026 eorum
696 3965 790 4028 corda
809 3987 979 4048 numquam
1001 3987 1055 4049 pro
1074 3967 1174 4030 verbis
1198 3966 1267 4029 dul-

234 4055 359 4132 cedinis,
378 4069 411 4115 ut
424 4052 580 4131 deberent,
598 4070 859 4136 compunguntur,
874 4053 921 4117 sed
944 4053 1033 4118 Pater
1051 4055 1146 4119 sciens
1161 4057 1265 4118 omnia

234 4141 293 4207 else
304 4142 449 4225 poffibilia
463 4141 608 4222 credenti,
624 4143 747 4204 tandem
758 4145 949 4206 convertitur
959 4143 996 4207 ad
1008 4143 1180 4222 conversos,
1188 4166 1266 4226 quos

233 4233 336 4295 secum
357 4230 531 4293 deduxerat.
557 4230 660 4293 Vocat
682 4229 862 4293 Druardum
888 4253 960 4294 curn
981 4231 1039 4295 suis
1059 4231 1206 4295 consociis
1228 4234 1265 4294 ad

237 4319 527 4405 proficiscendumin
537 4320 667 4403 prelium
676 4336 782 4383 contra
794 4319 922 4384 astantes
933 4321 1084 4401 inimicos,
1096 4323 1264 4404 proferens:
