3726 5628
586 569 667 633 120
768 533 1005 668 Testimoniu
1031 537 1073 632 in
1098 531 1239 631 Gallio
1250 537 1430 664 scripta.

578 809 658 871 idem
676 808 814 893 magister
827 807 996 886 Guiardus,
1007 807 1234 874 Cameracensis
1247 807 1416 890 episeopus,
1437 806 1531 868 verbo
1546 805 1603 866 bu·

577 896 706 960 iusmodi
726 896 927 960 confirmavit.
944 897 1081 976 Nollem,
1096 896 1205 981 inquit,
1220 916 1276 979 pro
1301 911 1368 958 toto
1391 894 1505 958 Arabie
1527 915 1603 957 auro

577 1007 638 1048 una
652 1000 771 1048 tantum
785 985 877 1048 noste
889 987 950 1048 duo
966 983 1114 1048 beneficia
1127 985 1256 1047 retinere
1270 983 1300 1047 dt
1319 999 1418 1048 certus
1437 999 1538 1046 tamen
1560 983 1603 1046 es-

579 1072 649 1152 sem,
660 1076 742 1156 quod
758 1074 796 1137 dc
813 1095 901 1137 mane
915 1097 1011 1137 unum
1026 1074 1148 1137 illorum
1160 1076 1273 1137 idoneo
1288 1074 1604 1136 hominiconserretur

579 1161 609 1225 δι
623 1163 684 1226 hoc
699 1180 824 1248 propter
834 1165 950 1227 incerte
964 1164 1025 1227 vite
1039 1164 1198 1227 discrimen
1214 1209 1314 1226 .....
1618 1159 1640 1204 t·
1653 1156 1686 1202 ⁷⁴

959 1352 1015 1405 Lib.
1030 1354 1051 1418 1,
1064 1369 1086 1405 c.
1103 1373 1146 1417 aa,
1159 1366 1188 1403 n⁰
1203 1370 1227 1418 9.

603 1494 651 1555 De
666 1492 785 1555 Falcone
799 1494 926 1554 canonico
942 1491 1089 1581 Insulenst,
1104 1491 1152 1592 qur·¹
1162 1505 1216 1574 pro
1228 1491 1406 1554 inobedientia
1421 1510 1484 1554 xxv
1500 1492 1581 1554 annis

1019 1594 1168 1662 egrotavit.

620 1749 725 1837 Quale
736 1766 838 1812 autem
853 1748 967 1811 malurn
982 1748 1106 1832 quidam
1122 1747 1223 1809 nostra
1247 1762 1325 1808 etate
1351 1767 1405 1830 per
1425 1747 1605 1810 inobedien·
1619 1765 1640 1810 t·
1653 1748 1684 1808 ⁸9

580 1841 655 1904 tiam
677 1839 756 1903 male
777 1855 884 1902 cautus
908 1839 1043 1918 incurrit,
1069 1839 1201 1902 breviter
1218 1837 1395 1902 referamus.
1415 1837 1607 1902 Venerabilis

579 1926 677 1991 Fusco
689 1928 727 1990 de
743 1926 896 1992 Gandavo
911 1942 1008 2006 natus,
1023 1927 1190 1990 canonicus
1205 1927 1284 2010 apud
1304 1923 1418 1990 Insulas
1442 1945 1516 1991 erat.
1537 1927 1608 2007 Hic,

581 2034 614 2079 ut
628 2017 716 2080 nobis
732 2014 791 2099 ipse
808 2014 939 2078 narravit
953 2015 991 2078 de
1006 2013 1109 2097 seipso,
1123 2038 1140 2078 a
1152 2015 1294 2098 magistro
1313 2012 1428 2079 Iacobo
1439 2016 1476 2079 de
1491 2017 1608 2080 Vitria·

580 2126 618 2166 co
630 2106 741 2188 legato,
757 2103 988 2186 &predicatore
1002 2106 1100 2167 crucis
1114 2120 1221 2166 contra
1232 2102 1419 2188 Albigenses,
1430 2123 1562 2188 rogatus,
1575 2122 1609 2169 ut

581 2194 682 2256 secum
701 2214 825 2255 crucem
846 2214 900 2275 per
923 2189 1097 2256 Flandriam
1120 2187 1297 2274 predicaret,
1322 2193 1431 2255 renuit.
1456 2194 1517 2257 Cui
1538 2215 1608 2258 cum

581 2281 722 2344 insisteret
737 2302 791 2365 per
805 2282 931 2359 amicos,
946 2297 979 2344 ut
993 2303 1062 2343 eum
1085 2280 1241 2344 adiuvaret
1265 2282 1296 2342 in
1322 2283 1452 2366 negocio
1474 2280 1610 2345 Ecclesre

581 2387 644 2434 tam
657 2369 820 2433 necessario
836 2369 865 2433 dt
880 2372 1004 2448 devoto,
1021 2370 1121 2432 renuit
1136 2368 1188 2431 ille
1202 2367 1388 2447 secundm&
1407 2369 1493 2433 nullo
1515 2373 1610 2434 modo

580 2463 641 2523 hoc
657 2459 684 2522 se
699 2459 848 2522 fablurum
860 2456 986 2522 asseruit.
1001 2458 1097 2521 Tunc
1112 2458 1251 2541 magister
1265 2455 1395 2521 Iacobus
1414 2458 1501 2520 illum
1516 2462 1611 2544 magis

542 2559 545 2564 '
582 2563 763 2631 preceptum
772 2547 880 2609 timere
889 2544 1130 2608 confidens:‹Et
1139 2545 1610 2630 ego,›inquit,‹precipiovobis

584 2636 774 2714 auctoritate,
788 2656 849 2719 qua
863 2635 983 2718 fungor,
998 2652 1032 2696 ut
1045 2635 1075 2696 in
1090 2636 1215 2696 nomine
1232 2631 1297 2696 lesu
1312 2634 1434 2710 Christi,
1454 2635 1484 2697 in
1509 2634 1611 2698 remis-

585 2722 701 2788 sronem
716 2724 854 2785 omnium
878 2739 1075 2806 peccatorum
1097 2721 1266 2784 vestrorum
1286 2721 1361 2785 istud
1385 2725 1549 2807 negocium
1569 2724 1611 2788 as·

583 2813 714 2876 sumatis·
733 2837 745 2868 ²
763 2812 824 2876 Cui
840 2811 939 2875 dislus
952 2810 978 2873 F
980 2809 1067 2873 ulco:
1086 2838 1098 2869 ι
1116 2810 1215 2874 Nullo
1231 2811 1335 2890 modo,
1350 2837 1362 2866 ι
1379 2811 1489 2894 inquit,
1505 2839 1518 2870 t
1536 2813 1611 2876 assu-

585 2922 679 2980 mam,
702 2899 799 2984 &ego
813 2920 889 2984 rogo
909 2921 973 2978 vos,
995 2915 1028 2962 ut
1049 2921 1242 2985 nequaquam
1268 2921 1318 2963 me
1342 2899 1379 2962 de
1400 2900 1459 2963 hoc
1485 2901 1611 2968 ulterius

586 2989 726 3073 fatigetis.
750 3014 762 3044 »
780 2987 861 3050 Mox
877 2988 1016 3071 magister
1031 2985 1161 3051 Iacobus
1176 2988 1207 3049 in
1222 2987 1314 3050 corde
1327 2989 1458 3071 graviter
1471 3009 1612 3052 commo·

587 3094 646 3156 tut,
672 3075 701 3139 dt
726 3077 787 3139 sere
811 3076 903 3160 usque
928 3077 964 3138 ad
989 3075 1158 3160 lachrymas
1179 3076 1329 3160 fatigante,
1343 3077 1385 3140 ait
1406 3076 1472 3139 illi:
1498 3079 1612 3143 «Cum

587 3166 694 3249 utique
710 3163 800 3247 digne
816 3162 941 3246 possem,
952 3165 1133 3227 autloritate
1148 3165 1222 3226 mihi
1238 3163 1404 3243 commissa,
1417 3185 1472 3230 vos
1486 3188 1612 3230 excom·

586 3255 753 3332 municare,
774 3252 804 3316 dc
828 3253 912 3314 omni
935 3252 1083 3317 beneficio
1109 3253 1230 3335 privare
1253 3256 1313 3315 iam
1346 3253 1376 3315 in
1407 3254 1614 3319 inobedientia

587 3357 822 3418 contumacem,
836 3341 911 3404 nolo
927 3357 1038 3420 tamen,
1049 3363 1088 3404 ne
1104 3357 1189 3403 tanto
1208 3342 1275 3404 viro
1291 3356 1407 3404 tanturn
1430 3343 1534 3407 videar
1547 3365 1614 3428 gra-

587 3451 696 3492 vamen
710 3431 856 3514 ingerere.
866 3430 956 3513 Rogo
969 3446 1069 3493 tamen
1078 3429 1194 3508 Deum,
1208 3430 1409 3512 quiomnium
1420 3432 1561 3494 cordium
1572 3433 1614 3495 est

588 3517 747 3602 inspector,
773 3534 922 3602 quatenus
945 3520 1051 3582 reddat
1072 3541 1126 3582 vos
1154 3540 1216 3582 non
1246 3519 1342 3581 solum
1365 3518 1401 3581 ad
1425 3518 1510 3596 istud,
1530 3523 1612 3605 quod

589 3606 736 3690 spernitis,
756 3606 803 3670 sed
830 3607 947 3690 prorsus
968 3608 1004 3668 ad
1026 3628 1119 3669 omne
1139 3628 1217 3688 opus
1235 3607 1413 3670 inutilem.»
1440 3607 1524 3672 Mira
1546 3611 1612 3672 res!

590 3695 671 3759 Mox
694 3695 730 3757 ad
750 3695 807 3758 hac
822 3696 915 3758 verba
929 3710 1075 3778 quartana
1094 3695 1185 3759 febris
1208 3717 1279 3757 eum
1302 3717 1373 3758 curn
1396 3695 1479 3758 fluxu
1500 3698 1615 3761 ventris

591 3783 706 3863 invasu,
720 3783 749 3846 dt
764 3783 855 3868 usque
870 3784 907 3846 ad
922 3781 1013 3846 finem
1029 3783 1091 3845 vire
1105 3783 1155 3846 sue
1171 3804 1225 3866 per
1239 3785 1344 3868 viginti
1366 3786 1503 3868 quinque
1520 3807 1615 3850 annos

590 3872 851 3935 irremediabiliter
865 3871 1010 3955 fatigavit.
1025 3870 1066 3934 Et
1076 3873 1146 3934 audi
1159 3871 1255 3935 ledlor
1268 3874 1379 3934 mirum
1392 3872 1453 3936 Dei
1467 3875 1614 3938 iudicium

589 3962 629 4023 de
653 3961 713 4022 hoc
728 3960 805 4023 viro.
829 3961 910 4024 Cum
935 3960 1001 4026 talis
1016 3982 1051 4023 ac
1066 3976 1166 4024 tantus
1181 3959 1262 4040 esset,
1277 3978 1310 4024 ut
1325 3961 1353 4023 ei
1367 3960 1522 4026 Dominus
1536 3960 1616 4028 lesus
1629 3983 1650 4028 t·
1662 3979 1694 4027 90

591 4046 739 4125 Christus,
752 4048 827 4112 srcut
841 4068 894 4131 per
907 4049 1029 4111 fratrem
1044 4047 1188 4132 Egidium
1199 4050 1314 4113 ordinis
1332 4047 1560 4113 Predicatorum
1584 4053 1614 4114 in

588 4135 748 4202 Gandavo
763 4137 968 4220 percepimus,
982 4154 1051 4200 ante
1069 4155 1210 4216 mortem,
1225 4136 1306 4222 quast
1322 4153 1460 4201 recenter
1479 4140 1616 4204 extensus

590 4227 621 4287 in
649 4245 751 4304 cruce,
769 4224 925 4289 visibiliter
947 4243 1116 4310 appareret,
1136 4226 1165 4289 δι
1190 4247 1259 4289 eum
1283 4242 1354 4290 ante
1373 4227 1466 4290 finem
1488 4227 1615 4312 Augusti

588 4309 699 4376 mensis
717 4314 886 4396 prediceret
901 4315 1102 4378 moriturum:
1117 4313 1203 4378 nullo
1222 4315 1317 4377 modo
1342 4331 1442 4378 tamen
1459 4314 1616 4380 Dominus
