3656 5648
447 561 519 640 44.
556 529 710 653 Brucy
737 528 1039 658 ‘lywysogioa
1193 531 1243 620 61

232 805 326 874 pytty,
354 809 371 850 a
395 785 567 872 thywyffasc
583 787 692 866 Astria,
713 809 748 850 ac
768 788 867 872 ymlad
891 811 924 851 ar
943 788 1046 852 drefa
1070 807 1197 873 erugant
1218 813 1253 854 ae

231 877 393 962 goresgyn:
408 899 425 938 a
439 877 561 938 chastell
576 899 593 938 a
607 879 663 938 oed
681 877 818 960 ygkanass
839 899 873 962 yr
887 899 966 939 auon
988 879 1076 962 wedy
1091 878 1200 940 adeilat
1224 901 1255 942 ar

232 965 331 1049 logon,
345 965 436 1027 hsnns
449 986 467 1026 a
481 964 646 1048 eskynnasd
663 987 681 1048 y
693 965 882 1048 pererinyasn
898 987 931 1027 ar
944 965 1089 1048 yscolyon
1102 988 1136 1028 ac
1145 987 1178 1028 ae
1193 983 1254 1028 tor-

232 1053 339 1117 rass'ant
354 1055 442 1138 wedy
454 1053 511 1116 llad
528 1053 612 1118 llaser
625 1076 661 1116 or
676 1055 872 1139 Sarascinyeit
887 1079 904 1118 a
918 1055 985 1117 dala
999 1055 1091 1117 ereill.

271 1143 303 1205 Y
324 1142 448 1226 ulsydyn
469 1142 573 1204 bonno
592 1145 700 1226 yrodes
724 1165 757 1227 yr
778 1145 842 1205 holl
856 1144 1047 1228 gyfoethadsc
1068 1143 1327 1220 Dudtdinas1229

231 1232 359 1295 Damiet
378 1253 419 1312 yn
434 1251 467 1314 yr
482 1230 556 1293 Eifft
570 1252 588 1291 a
602 1231 658 1293 oed
675 1252 707 1292 ar
721 1253 799 1294 avon
815 1233 935 1316 Nilusy
950 1232 980 1294 lu
995 1256 1014 1316 y
1029 1231 1254 1316 Cristonogyon

231 1322 304 1383 aved
317 1319 403 1402 wedy
419 1319 515 1382 blinas
531 1342 550 1381 o
564 1320 611 1381 hir
623 1319 724 1403 ymlad
741 1341 773 1383 ar
788 1320 892 1397 dinus,
913 1321 1008 1403 kanys
1030 1321 1166 1404 dsywadss
1189 1342 1256 1382 rac·

231 1409 429 1491 weledigaeth
441 1409 566 1492 aberisy
580 1409 663 1470 veint
679 1408 884 1493 uardsolyaeth
903 1411 964 1493 [ary
979 1409 1083 1492 bopyl]
1095 1431 1155 1492 yny
1170 1411 1255 1472 dinas

232 1498 284 1581 hyt
293 1518 332 1559 na
346 1495 413 1558 allei
426 1519 444 1579 y
455 1497 498 1558 rei
511 1496 686 1582 budsgladu
696 1521 715 1580 y
727 1499 769 1559 rei
786 1497 902 1560 meirds.
920 1498 1024 1580 Kanys
1037 1521 1055 1582 y
1068 1497 1126 1581 dyd
1137 1521 1156 1581 y
1168 1499 1255 1560 cahat

232 1586 462 1670 ydinus'ydoed
479 1586 560 1668 mdsy
580 1607 620 1646 no
642 1585 772 1647 theirmil
787 1609 805 1646 ο
829 1586 937 1670 gyrffy
963 1585 1077 1647 meirds
1093 1608 1124 1648 ar
1149 1587 1203 1670 hyt
1221 1609 1255 1670 yr

233 1673 342 1755 heolyd
356 1694 458 1756 megys
470 1672 542 1734 kdtn
559 1673 617 1735 heb
632 1697 651 1756 y
665 1673 763 1736 cladu.
779 1675 823 1736 Ar
834 1675 892 1757 dyd
905 1672 1038 1736 dssrnnds
1046 1697 1081 1758 yr
1092 1666 1256 1757 miilyanta

233 1778 408 1845 gogonyant
421 1781 456 1842 yr
471 1761 668 1845 Creadsdyry
683 1763 797 1844 credsyt
811 1762 970 1824 archescob
984 1785 1044 1846 yny
1059 1763 1152 1825 dinaS.

143 1901 165 1945 p,
178 1883 222 1944 „g
274 1851 306 1911 Y
322 1849 445 1933 ulsydyn
460 1849 564 1911 honno
579 1850 617 1933 yd
633 1851 700 1913 aeth
717 1851 758 1912 llu
779 1875 798 1934 y
821 1850 1044 1934 Cristonogyon
1065 1849 1202 1913 Damieit
1216 1873 1255 1934 yn
1274 1883 1328 1918 1221

234 1960 268 2024 yr
278 1937 351 2000 Eiffi
363 1955 394 2000 tu
407 1959 423 1999 a
435 1937 562 2000 Babilon
572 1939 648 2002 dsrth
661 1941 760 2022 ymlad
771 1961 788 2000 a
799 1940 839 2017 hi,
848 1960 944 2023 acnys
955 1939 1082 2020 gadadsd
1092 1939 1150 2002 dial
1161 1939 1256 2002 Duds.

235 2027 342 2110 Kanys
358 2025 450 2088 llifasd
466 2025 608 2087 adsnoeth
623 2048 703 2088 auon
719 2026 810 2089 Nilus
822 2047 880 2109 ary
897 2027 973 2088 fford
991 2028 1036 2111 [yr
1050 2029 1185 2112 wythuet
1196 2027 1255 2110 dyd

140 2145 163 2188 p.
177 2141 222 2188 310
235 2137 253 2177 0
265 2114 324 2199 wyl
340 2115 414 2176 Veir
428 2114 615 2175 diwoethaef
630 2136 665 2176 or
680 2115 859 2199 kynhayaf],
884 2137 918 2176 ae
942 2117 1094 2198 gdsarchei
1116 2116 1182 2198 rdsy
1207 2115 1256 2199 dsy

234 2205 303 2265 ason
317 2225 377 2286 yny
392 2203 486 2264 vodes
502 2203 642 2285 anneiryf
657 2225 675 2264 o
691 2205 815 2266 nadunt.
833 2205 880 2266 Ac
894 2225 953 2286 yna
968 2204 1149 2267 keithiwads
1158 2203 1255 2267 erreil.

234 2291 282 2353 Ac
296 2313 355 2374 yna
368 2313 387 2376 y
402 2312 499 2374 gorun
515 2308 623 2353 arnunt
638 2292 707 2354 dalu
730 2293 856 2355 Damiet
876 2314 911 2376 yr
935 2293 1118 2375 Saraffinyeit
1133 2293 1257 2355 drache-

234 2377 283 2460 fyn
299 2379 400 2458 drosy
416 2378 518 2460 bowyt
533 2399 567 2440 ac
582 2379 661 2462 rydit
675 2401 692 2461 y
709 2379 803 2458 keith,
819 2401 835 2441 a
855 2381 1026 2463 gbneuthur
1046 2381 1167 2465 kygreir
1184 2380 1256 2462 byth
1382 2424 1385 2430 ,

234 2465 354 2548 mlyned
367 2488 402 2527 ac
422 2466 517 2550 dsynt.
537 2467 585 2528 Ac
599 2469 703 2550 odyno
717 2490 735 2550 y
751 2469 919 2551 hebrygads
928 2491 946 2552 y
959 2469 1158 2552 Sarraffinyeit
1172 2468 1257 2551 dsynt

233 2554 286 2637 hyt
300 2576 339 2630 yn
356 2556 452 2638 Acrys
468 2552 507 2614 lle
517 2575 556 2637 ny
572 2555 666 2637 wydit
676 2556 738 2616 dun
749 2577 767 2638 y
780 2555 857 2617 dsrth
869 2557 1060 2638 groesGrist,
1072 2579 1182 2640 namyn
1196 2573 1257 2619 ttu-

135 2698 138 2706 .
233 2645 322 2724 gared
339 2641 431 2704 Duds
439 2665 455 2703 e
471 2644 532 2704 hun
548 2663 582 2704 ae
594 2642 704 2705 taladt'd
717 2646 819 2706 adunt.

668 2817 822 2948 Verfio.

270 3039 318 3090 Hoc
349 3056 412 3089 anno
436 3037 544 3089 nonnulli
567 3037 726 3104 crucesignati
746 3037 878 3104 Ierusalem
903 3037 1009 3108 proferri
1021 3039 1091 3104 sunt,
1111 3057 1210 3108 quorum
1232 3037 1258 3091 in
1274 3061 1331 3108 ,2¹3

234 3136 331 3169 numero
342 3131 416 3170 erant
425 3137 498 3173 comes
510 3123 541 3170 de
555 3118 679 3181 Caerleon,
692 3135 764 3171 comes
782 3117 907 3186 Marsttali
921 3119 1015 3187 (Bryon
1027 3123 1058 3170 de
1073 3117 1150 3184 Vitta)
1170 3119 1198 3169 ὅ
1212 3119 1260 3186 aiij

235 3197 293 3248 viri
304 3199 390 3250 nobiter
402 3217 436 3250 ex
450 3199 542 3265 Anglia
555 3199 610 3250 orti.
625 3197 711 3248 Eodem
725 3216 788 3249 anno
798 3197 922 3250 exercitur
936 3198 1120 3265 christianorum
1133 3201 1258 3266 prosei‘ius

234 3277 264 3340 eli
282 3279 433 3343 Damiatana
451 3297 518 3347 quem
538 3281 664 3330 duxerunt
679 3295 727 3330 rex
746 3277 907 3344 Hierusalem,
924 3279 1075 3344 patriarcha
1092 3277 1258 3345 Hierosolymi-
1325 3327 1328 3333 ,

235 3369 315 3423 tonus,
328 3359 441 3427 magister
454 3357 583 3427 Hospitalis
599 3359 627 3409 Μ
639 3361 693 3410 dux
708 3356 818 3424 Austriae.
839 3357 890 3425 Qu·
906 3357 1011 3426 aggreffi
1022 3359 1085 3424 sunt
1106 3360 1134 3408 ὅ
1147 3368 1260 3426 ceperunt

234 3440 331 3490 urbem:
355 3439 434 3508 ibique
454 3451 512 3490 erat
530 3437 648 3508 cafleilum
669 3437 695 3489 in
717 3437 794 3490 medio
797 3437 901 3502 flumine
914 3438 993 3506 super
1013 3447 1079 3488 rates
1096 3439 1259 3504 conpirui‘ium,

233 3517 377 3588 quodscaiis
386 3518 525 3588 peregrinis
537 3518 700 3585 ascenderunt
712 3518 741 3568 iu
749 3519 929 3584 destruxerunt,
941 3517 1021 3568 multis
1037 3519 1167 3570 Saracenis
1180 3517 1257 3585 occiſsi

236 3599 356 3667 &captim

269 3680 318 3730 Hoc
327 3697 389 3731 anno
400 3681 468 3730 Deus
478 3677 628 3746 Omnipotens
634 3677 732 3750 AEgypti
742 3679 827 3728 urbem
835 3677 979 3728 Damiatam
988 3681 1024 3728 ad
1036 3677 1116 3745 ripam
1129 3676 1184 3728 Nili
1185 3677 1259 3744 fitam
1275 3705 1332 3749 ¹2¹9

233 3758 353 3810 exercitui
363 3759 547 3826 christianorum
560 3759 675 3824 tradidit,
695 3769 769 3827 prope
784 3776 857 3826 quarn
873 3758 917 3810 diu
929 3759 1064 3827 pugnando
1083 3758 1184 3809 multum
1202 3769 1258 3811 tern-

230 3839 297 3908 poris
309 3839 389 3903 castra
401 3841 548 3900 habuerant,
553 3839 604 3906 sed
614 3841 708 3891 diviua
716 3839 881 3908 providentia
902 3837 959 3889 talis
981 3836 1117 3890 mortalitas
1138 3839 1163 3888 iu
1175 3839 1260 3907 populo

233 3919 345 3972 civitatis
354 3919 575 3988 graffatasuerat,
589 3931 616 3972 ut
628 3921 696 3972 vivi
713 3931 815 3973 mortuos
826 3920 932 3988 sepelire
950 3939 996 3973 non
1005 3921 1091 3988 pffmt
1110 3921 1137 3971 ὅ
1150 3921 1200 3984 die,
1215 3937 1259 3988 quo
1361 3947 1370 3967 ι

234 4001 293 4050 urbs
305 4009 442 4068 caperetur,
450 3999 506 4067 plus
521 4017 592 4069 quam
606 3998 656 4051 tria
667 3999 746 4050 miliia
757 4010 882 4068 corporum
899 3999 925 4050 in
937 4000 991 4052 viis
1011 4013 1039 4050 ut
1049 4017 1119 4050 canes
1140 3999 1259 4068 insepulta

234 4079 416 4132 invenirentur.
435 4082 465 4131 Et
476 4083 556 4131 codem
568 4079 608 4130 die
620 4082 657 4130 ad
668 4079 765 4130 laudem
779 4081 807 4132 ὅ
813 4079 921 4148 gloriam
934 4079 1056 4132 Creatorir
1067 4079 1259 4148 archiepiscopus

234 4161 260 4212 in
273 4162 333 4212 urbe
344 4161 495 4228 consecratur
507 4161 543 4228 est.
971 4193 974 4198 .

270 4241 320 4292 Hoc
335 4257 397 4293 anno
409 4239 532 4292 exercitus
548 4239 733 4308 christianorum
749 4241 781 4292 ab
802 4241 862 4292 urbe
884 4240 1004 4292 Damiata
1021 4239 1166 4311 AEgyptiaca
1182 4240 1258 4307 Baty-
1275 4265 1328 4296 1221

234 4323 308 4373 anem
318 4324 440 4389 prosedas
452 4321 490 4389 est,
502 4332 530 4373 ut
540 4339 594 4375 eom
606 4323 794 4390 aggrederetur,
801 4321 851 4386 sed
867 4324 932 4374 Deus
945 4319 1007 4374 ultor·
1019 4321 1062 4374 hoc
1077 4338 1123 4374 non
1140 4320 1259 4390 permisit.-
