3650 5648
354 479 396 569 6.
435 478 556 606 Gesta
579 473 771 568 abbatum
799 477 899 567 Orci
920 477 961 568 S.
988 475 1152 568 Μανία».
1236 509 1278 566 ιι
1356 459 1404 550 .'

255 763 310 824 pre
325 741 434 804 timore
451 740 543 804 nimis
558 741 736 822 deprecatus
751 737 794 802 est
804 754 923 821 patrem
934 737 960 803 F
961 740 1159 819 rethericum,
1174 754 1284 802 utnon

255 829 353 893 solum
368 851 386 891 a
400 829 538 912 presenti,
551 828 599 891 sed
614 829 705 891 eriam
726 849 744 890 a
758 843 857 891 morte
877 843 1025 911 perpetua
1044 850 1115 891 eum
1135 827 1284 891 liberaret.

254 917 366 983 Fadius
381 917 506 981 tandem
521 919 559 979 de
574 918 677 980 medio
697 917 750 979 diu
765 917 859 980 iacuit
873 917 1021 981 exanimis
1037 917 1126 980 itaut
1141 915 1286 999 dispofitis

253 1008 344 1071 rebus
359 1029 447 1086 uxor,
468 1008 633 1069 secundum
647 1022 726 1068 terre
747 1025 866 1068 morem
880 1017 977 1067 totam
1001 1004 1030 1067 se
1044 1007 1081 1067 ad
1097 1005 1161 1068 eius
1177 1027 1286 1088 prepa-

252 1111 335 1158 raret
348 1097 501 1179 exequias.
517 1093 605 1182 Quid
621 1093 733 1157 multa?
747 1090 832 1156 Inter
847 1093 1057 1177 plangentium
1072 1114 1191 1172 manus,
1205 1094 1285 1157 inter

252 1184 424 1246 amicorum
439 1184 556 1267 rugitus
571 1183 680 1245 revixit
694 1182 812 1245 iuvenis
826 1181 866 1260 dc,
881 1180 1020 1263 requisita
1035 1201 1141 1260 uxore,
1156 1180 1285 1244 sciscita-

251 1271 341 1334 batur
352 1271 390 1335 ab
400 1293 445 1352 ea,
460 1287 536 1356 quot
546 1272 670 1335 haberet
679 1269 815 1353 gallinas.
826 1267 884 1334 Illa
894 1291 967 1333 vero
979 1270 1116 1354 quinque
1134 1270 1162 1332 se
1173 1268 1284 1332 habere

207 1440 210 1444 ¹
251 1359 414 1442 respondit
428 1360 524 1424 Tunc
535 1359 601 1423 ille:
618 1385 632 1417 r
647 1360 677 1423 Si
689 1380 726 1422 .v.
742 1359 810 1422 sunt
822 1359 852 1422 δι
866 1381 929 1421 non
945 1358 1056 1441 plures,
1069 1360 1126 1421 hac
1141 1359 1209 1420 vice
1220 1380 1283 1422 non

251 1450 404 1511 emoriar.
424 1445 471 1511 Ita
491 1449 573 1511 enim
588 1449 716 1512 edod'rus
740 1461 856 1530 apatre
878 1445 904 1510 F
905 1449 1068 1526 retherico,
1092 1449 1145 1530 qui
1170 1468 1219 1509 me
1245 1446 1283 1509 de

251 1563 265 1593 ‹
281 1536 421 1600 manibus
436 1537 621 1600 trahentium
635 1534 792 1618 eripuit&
806 1536 868 1598 vite
883 1535 1021 1615 restituit,
1037 1535 1142 1617 accepi
1158 1535 1283 1598 manda-

251 1640 357 1704 ‹tum,
375 1641 409 1687 ut
427 1647 483 1708 pro
495 1625 556 1687 vite
568 1646 635 1687 mee
646 1623 837 1688 restitutione
848 1627 884 1688 ad
903 1623 1096 1706 sepulchrum
1111 1625 1176 1687 eius
1194 1624 1284 1709 quin·

251 1739 265 1772 ι
279 1735 339 1796 que
354 1713 481 1796 gallinas
496 1712 739 1791 transmitterem,
756 1713 797 1792 δι,
810 1712 885 1776 licut
899 1713 992 1775 ceteri
1009 1712 1170 1796 peregrini,
1191 1734 1283 1776 cruce

251 1829 265 1859 ‹
281 1801 419 1886 signaret.
435 1803 467 1866 N
470 1824 529 1866 unc
544 1823 619 1886 ergo
631 1802 791 1865 mittantur
804 1800 927 1886 galline,
941 1818 975 1864 ut
985 1817 1097 1882 cetera,
1112 1824 1172 1884 que
1188 1801 1281 1864 michi

251 1916 265 1948 ι
282 1892 448 1969 mandavit,
463 1889 584 1953 felicem
598 1890 730 1953 habeant
754 1887 936 1972 processum.
953 1915 966 1948 r
992 1889 1062 1952 Hiis
1086 1890 1129 1953 ita
1143 1890 1283 1952 consum-

247 1980 347 2057 matis,
373 1979 462 2061 plene
484 1979 602 2042 sanatur
623 1979 741 2043 iuvenis
764 1978 794 2041 ἃ
819 2000 891 2041 cum
914 1979 1039 2062 reliquis
1065 1978 1282 2062 peregrinis&

247 2068 354 2132 amicis
369 2068 427 2131 suis
442 2065 620 2130 Damiatam
640 2065 850 2150 proficiscitur.
875 2064 952 2130 Inde
974 2067 1054 2130 redit
1075 2067 1162 2130 sanus
1183 2066 1214 2129 dr
1236 2068 1282 2130 in-

247 2155 389 2234 columis,
404 2155 548 2238 superstes
563 2153 663 2218 adhuc
679 2155 855 2238 &corpore
870 2155 989 2219 validus
1023 2201 1280 2220 ......

289 2242 357 2331 Qui
373 2242 470 2307 Dodo
485 2265 542 2326 pro
560 2264 662 2305 amore
677 2265 711 2306 ac
726 2243 901 2306 reverencia
915 2240 1001 2306 Ihesu
1018 2243 1131 2308 Christi
1147 2241 1278 2308 Domini

246 2332 349 2412 nostri,
360 2350 498 2415 tempore
509 2332 731 2416 predicacionis
742 2331 873 2416 magistri
886 2332 1017 2416 Olyveri
1028 2331 1172 2395 scolastici
1182 2331 1280 2396 Colo-

246 2419 356 2485 niensrs
370 2443 462 2485 cruce
477 2419 617 2504 signatus,
632 2423 711 2484 trina
725 2423 793 2484 vice
807 2442 891 2484 mare
906 2420 1113 2503 pertransiens,
1127 2417 1278 2504 assumpto

246 2509 348 2573 secum
361 2508 425 2572 filio
440 2508 576 2592 predidle
591 2510 699 2574 sororis
713 2510 880 2590 Thilardo,
894 2511 931 2572 ad
947 2509 1090 2573 ultimum
1106 2512 1136 2572 in
1151 2510 1278 2574 nomine

246 2599 355 2662 Sansle
366 2599 529 2662 Trinitatis
543 2599 574 2660 in
586 2598 695 2662 ultima
705 2598 755 2662 sua
767 2598 1019 2681 peregrinacione
1032 2613 1179 2677 mortuus,
1195 2598 1276 2662 felici

244 2687 305 2751 line
325 2686 458 2750 transuit
481 2689 518 2750 ad
534 2686 718 2750 Dominum.
744 2687 853 2768 Nepos
875 2707 947 2749 vero
970 2686 1037 2750 suus
1058 2687 1201 2766 reversus,
1222 2686 1278 2752 ali-

244 2776 391 2860 quamdiu
406 2777 437 2838 in
453 2775 554 2839 seculo
568 2792 787 2854 commoratus,
812 2777 935 2838 tarrdem
950 2774 1064 2838 relid'tis
1087 2774 1177 2839 seculi
1191 2779 1276 2839 vani-

245 2865 365 2944 tatibus,
379 2865 517 2928 habitum
528 2865 627 2928 sandie
643 2865 800 2950 religionis
812 2864 983 2947 suscipiens,
997 2864 1101 2927 locum
1115 2864 1165 2928 sue
1175 2864 1276 2950 sepul-

244 2968 312 3015 ture
325 2974 397 3015 cum
411 2952 553 3016 fratribus
568 2953 599 3014 in
615 2953 699 3018 Orto
720 2953 832 3017 meruit
845 2953 965 3016 habere.
986 2949 1023 3015 In
1039 2953 1187 3037 religione
1201 2975 1273 3018 vero

244 3041 355 3124 positus
375 3038 462 3103 Ihesu
482 3041 606 3122 Christi,
630 3043 717 3106 cuius
731 3041 854 3126 vestigia
876 3041 1077 3125 exquisrturus
1098 3059 1145 3106 tot
1159 3043 1274 3106 viribus

243 3126 375 3192 tranfivit
388 3128 466 3192 ultra
481 3151 574 3210 mare,
596 3131 705 3193 ordine
726 3130 899 3194 sacerdotali
923 3130 1069 3214 suscepto,
1083 3132 1271 3195 sacramenta

242 3216 300 3281 suis
314 3218 452 3281 manibus
465 3221 576 3282 meruit
590 3219 780 3303 pertradlare.

355 3457 361 3467 ’
521 3501 553 3570 7.
579 3495 781 3549 nnuuoum
809 3479 1005 3566 o’nvusnn

587 3666 757 3758 Chronique
784 3673 927 3744 (-1275)·

276 3901 365 3970 [Paris,
379 3902 444 3956 Bibl.
458 3901 686 3970 nat.15460,m.s.
700 3903 772 3968 XIV,
782 3901 848 3970 in·s.,
861 3902 887 3954 ff.
903 3921 952 3968 ³¹²
967 3905 1024 3969 h,c.
1040 3921 1115 3972 r·3r5
1131 3904 1156 3969 b,
1167 3922 1189 3958 c.
1200 3907 1233 3971 1.]

749 4041 768 4086 *

239 4191 442 4257 [εεῃὶηνῑηοιζ
461 4191 493 4241 ed.
508 4191 563 4240 Mas
581 4195 664 4252 Laerta,
676 4205 716 4257 pp.
734 4205 789 4256 409,
806 4207 861 4254 410,
879 4207 935 4254 412,
952 4207 1068 4257 414-430,
1083 4208 1267 4260 435·437,439-

619 4284 674 4332 447›
685 4269 817 4336 &usuali
832 4273 896 4336 ml
