3656 5648
409 587 482 679 73.
520 549 754 648 Vincentius
776 537 1085 680 Bellovccenfis.
1181 565 1256 670 ιο)

240 821 267 874 in
281 822 414 878 Mecum
425 822 492 877 libro
505 823 570 895 legia
581 839 669 877 eorum
688 823 782 876 babent
795 821 912 891 scriptum
922 843 929 874 r
940 820 1021 874 lesum
1034 819 1158 874 Christum
1172 817 1263 872 Domi·
1276 821 1336 871 ¹¹¹9
1443 852 1447 861 ·

240 921 302 958 nom
315 906 425 958 nostrum
438 905 543 958 credunt
557 905 590 958 de
602 905 689 958 Maria
701 903 797 974 virgine
809 913 959 973 conceptum
972 904 995 955 tr
1009 912 1106 966 nanno,
1119 917 1193 970 quem
1213 899 1264 951 sine

241 995 347 1056 peccato
359 985 440 1039 titisse
461 987 620 1056 prophetam,
639 986 663 1038 dr
676 985 805 1054 plusquam
817 983 977 1053 prophetam,
1001 981 1178 1046 contestantur,
1189 995 1263 1032 cecoa

240 1065 395 1132 illuminasse,
409 1066 519 1135 leprosos
538 1063 675 1130 mundafl'e,
688 1077 801 1117 mortuos
818 1061 946 1128 suscitasse,
958 1061 1061 1115 firmiter
1072 1060 1189 1114 afferunt.
1203 1065 1264 1112 Ver-

242 1148 302 1199 bum
319 1148 342 1199 it
361 1145 472 1216 spiritum
490 1146 539 1200 Dei
552 1148 577 1198 dt
589 1145 672 1198 vivum
689 1145 723 1198 ad
734 1144 800 1198 celon
812 1142 946 1196 ascendid'e
958 1159 1008 1194 non
1020 1142 1170 1194 discredunt.
1188 1139 1264 1194 Unde

240 1227 344 1296 quando
352 1238 466 1296 tempore
475 1237 622 1295 treugarum
633 1226 753 1295 sapientes
762 1226 872 1295 ipsorum
886 1223 1088 1294 Hierosolymam
1096 1221 1264 1275 ascendebant

241 1305 340 1359 oudicet
347 1305 536 1376 evangeliorum
553 1306 597 1359 srbi
612 1304 768 1376 pollulabant
779 1303 894 1358 exhibere
906 1305 929 1358 ir
940 1302 1117 1356 osculabantur
1128 1305 1152 1356 it
1162 1319 1264 1355 venera-

241 1388 333 1438 bantur
343 1399 444 1456 propter
452 1386 611 1451 munditiam,
621 1403 698 1455 quam
707 1385 818 1439 Chriliur
827 1384 922 1449 docuit,
931 1386 956 1436 dt
965 1383 1072 1436 maxime
1081 1397 1182 1453 propter
1189 1399 1264 1434 eran-

240 1465 333 1535 gelium
354 1467 435 1519 Lucer
450 1466 529 1534 miffar
550 1467 583 1536 est
606 1467 708 1535 angelus
733 1464 840 1518 Gabriel
865 1465 939 1533 (Luc.
962 1480 982 1530 1,
1000 1464 1055 1532 26),
1075 1464 1144 1533 quod
1162 1461 1264 1514 litterati

240 1545 304 1598 inter
318 1563 360 1598 eos
373 1545 453 1616 sepius
468 1547 620 1618 repetunt&
635 1547 776 1599 retradiant.
798 1547 851 1598 Lex
866 1557 950 1597 autem
966 1561 1061 1608 eorum,
1073 1561 1149 1612 quam
1161 1543 1264 1596 diabolo

240 1625 349 1678 dictante
371 1625 505 1679 ministerio
526 1625 605 1696 Sergii
626 1626 742 1678 monachi
757 1629 782 1678 tr
798 1626 911 1694 apostate
924 1627 947 1677 ir
960 1623 1070 1690 heretici,
1083 1622 1263 1677 Macbotnetus

240 1704 367 1758 Saracenis
388 1705 467 1770 dedit,
479 1705 580 1758 arabice
601 1705 726 1774 scriptam,
743 1725 758 1758 a
775 1705 861 1774 gladio
878 1704 952 1774 cepit,
966 1722 1011 1774 per
1026 1703 1138 1773 gladium
1158 1712 1264 1766 tenetur,

240 1785 335 1838 &cum
349 1785 435 1854 gladio
447 1785 628 1838 terminabitur.
655 1787 839 1838 Machometua
857 1785 896 1837 ille
917 1785 1045 1837 illiteratus
1061 1781 1118 1847 fuit,
1139 1781 1199 1835 ficut
1213 1781 1264 1851 ipse

241 1863 387 1933 protestatur
407 1863 432 1916 in
450 1865 582 1918 Alcarono
601 1866 653 1931 suo,
672 1867 696 1916 se
717 1883 766 1934 que
780 1865 966 1935 prenominatus
981 1863 1103 1916 hereticus
1115 1861 1265 1928 nominauit,

240 1941 353 2009 diblarit,
366 1942 417 2013 ipse
430 1943 611 2014 promulgarit,
623 1946 647 1997 ir
661 1962 705 2014 per
716 1944 924 1997 comminationes
936 1942 1060 1996 observari
1075 1942 1166 1995 statuit.
1179 1944 1265 1995 Luxu·

241 2021 317 2074 riosut
337 2021 403 2074 enirn
419 2021 466 2074 suit
479 2023 504 2074 dr
516 2022 656 2090 bellicosus,
676 2021 785 2093 ideoque
802 2023 835 2076 de
847 2020 1010 2076 immundicie
1023 2023 1048 2074 it
1058 2021 1169 2074 vanitate
1181 2021 1263 2090 legem

241 2099 332 2166 statuit,
353 2097 429 2170 otram
451 2101 582 2154 carnaliter
594 2102 713 2168 niventes,
735 2104 759 2155 in
773 2114 843 2172 parto
857 2103 992 2172 voluptatis
1008 2101 1111 2154 firmiter
1122 2101 1262 2154 observant.

131 2187 153 2233 Ρ·
168 2171 227 2232 ¹¹⁶³
240 2183 274 2233 Et
287 2180 348 2234 srcut
360 2181 442 2252 legem
455 2182 564 2234 nostram
575 2183 665 2236 veritat
674 2183 699 2236 dt
708 2183 834 2236 mundicia
847 2181 970 2248 muniunt,
983 2181 1017 2233 ita
1030 2198 1137 2236 errorem
1155 2179 1263 2250 ipsorum

241 2257 316 2313 timor
327 2260 467 2312 mundanus
480 2262 503 2314 dr
517 2261 650 2328 humanua,
671 2278 701 2314 ac
716 2261 830 2331 uoluptas
842 2260 947 2314 amaia
959 2259 1101 2324 firmiffime,
1113 2257 1263 2314 cusiodiunt.

431 2469 478 2551 87.
501 2470 550 2532 De
562 2470 677 2558 mifirio
693 2469 859 2560 obsefforrrm
872 2471 901 2531 in
916 2471 1068 2534 Damiato.

11 2657 74 2720 ΕΑ.
83 2658 171 2716 omar,
183 2656 227 2715 111,
275 2653 374 2705 intonen
386 2652 474 2706 civitas
488 2653 608 2708 Damiata
620 2653 749 2708 obfidione
758 2655 843 2725 longa,
854 2654 929 2720 ferro,
940 2655 1008 2708 fame
1020 2657 1044 2708 it
1057 2653 1193 2724 pestilentia
1205 2673 1263 2726 gra·

94 2733 164 2779 ¹¹⁴²
241 2731 303 2786 riter
323 2733 347 2785 δι
366 2733 432 2786 ultra
451 2751 526 2802 quam
549 2733 621 2786 scribi
640 2734 721 2802 potell
740 2734 840 2800 aflliila,
867 2734 891 2786 in
908 2734 959 2787 sola
977 2752 1040 2804 pace
1058 2752 1135 2804 quam
1148 2735 1263 2788 soldaout

240 2811 335 2866 civibus
356 2811 467 2881 proruisrt
486 2813 553 2880 spem
576 2812 665 2882 posuit.
690 2812 820 2866 Durabilia
841 2813 906 2868 enim
928 2831 978 2868 noo
997 2815 1032 2868 est
1045 2815 1144 2886 Egypti
1163 2833 1264 2868 annona

240 2903 342 2960 propter
361 2891 448 2946 mullet
460 2888 560 2962 glebas,
579 2893 606 2946 in
618 2893 709 2963 quibus
731 2893 817 2946 crescit
827 2893 869 2948 nit
881 2893 990 2963 superius
1002 2893 1070 2948 circa
1082 2907 1164 2964 parta
1178 2897 1264 2966 Baby·

239 2971 302 3024 lonia
315 2971 445 3025 artificiose
459 2972 654 3026 conserveturin
669 2989 756 3040 annor,
770 2974 794 3026 δι
807 2973 868 3026 ficut
880 2973 1172 3039 centumcentumn
1186 2992 1263 3030 unum

239 3071 281 3116 40·
303 3050 412 3104 bisantiia
425 3052 579 3105 vendebatur
595 3051 619 3103 in
636 3069 674 3118 ea,
694 3054 762 3106 &ex
779 3053 891 3123 angustia
911 3053 983 3106 samir
1002 3053 1097 3106 diversa
1118 3055 1262 3108 morborum

238 3149 332 3202 genera
344 3132 469 3185 vexabmt
481 3149 535 3195 eos,
553 3130 653 3185 &inter
675 3145 758 3185 cetera
772 3130 942 3198 incommoda,
959 3150 1008 3202 que
1027 3131 1189 3186 sustinuerunt
1203 3151 1263 3188 noc·

240 3209 307 3264 tibur
320 3212 388 3265 velut
400 3210 487 3264 aurisia
501 3211 605 3281 perculsi
625 3211 716 3280 apertis
728 3211 806 3264 oculis
818 3211 853 3264 nil
867 3213 949 3266 ridere
965 3211 1121 3266 dicebantur.
1142 3212 1263 3268 Soldanur

239 3291 272 3344 de
288 3291 330 3345 die
342 3290 367 3346 in
380 3290 447 3344 diem
461 3289 530 3344 vanis
540 3291 738 3360 promilsronibus
751 3290 816 3361 ipson
826 3291 976 3346 adeditione
988 3293 1145 3358 dehortatur,
1163 3294 1264 3364 decepit

239 3370 350 3424 miseros.
365 3371 496 3425 Postremo
507 3381 594 3442 portat
606 3371 661 3423 suas
670 3372 845 3424 obstruxerunt
856 3372 1008 3437 intrinsecus,
1020 3390 1052 3425 ne
1062 3372 1149 3443 aliquit
1163 3373 1263 3428 venient

239 3449 273 3502 ad
285 3468 332 3503 noa
344 3451 376 3504 de
389 3451 438 3503 suia
451 3451 588 3515 nunciaret,
601 3451 669 3520 quod
681 3451 734 3503 dieu
749 3449 886 3504 affliilionia
899 3452 1037 3521 possidebat
1049 3469 1100 3505 eoa.
1113 3451 1264 3521 siquitem

238 3547 282 3600 per
294 3530 417 3600 posticum
430 3530 470 3583 vel
490 3531 522 3583 de
536 3528 612 3583 muris
632 3548 674 3600 per
686 3530 757 3585 sonet
769 3530 875 3584 eradere
889 3544 1034 3601 potuerunt,
1055 3531 1135 3586 inflati
1147 3533 1171 3586 dr
1185 3533 1263 3586 lamo

239 3610 279 3663 lici
292 3610 383 3663 civium
397 3611 496 3663 suorum
510 3609 638 3679 augustiae
651 3610 779 3664 evidenter
791 3612 940 3681 probabant.
952 3611 1003 3664 lllir
1013 3609 1098 3678 etiarn,
1109 3613 1152 3683 qui
1162 3611 1223 3666 foria
1236 3612 1262 3666 in

238 3687 347 3741 exercitu
363 3691 543 3742 Saracenorum
556 3706 602 3742 nor
615 3688 768 3754 obsiderunt,
779 3689 853 3758 copia
865 3689 935 3760 panio
948 3691 972 3744 δι
986 3690 1070 3759 pabuli
1088 3691 1154 3761 cepit
1166 3691 1263 3746 decres-

238 3785 301 3822 cere.
316 3768 389 3822 Nilus
410 3769 523 3840 quidem,
545 3767 587 3839 qui
609 3769 663 3839 poli
681 3770 769 3822 sellum
784 3769 867 3821 &otti
887 3769 1005 3822 lobannis
1019 3769 1129 3839 Baptilie
1142 3769 1218 3840 usque
1229 3770 1263 3824 ad

238 3847 415 3901 exaltationem
437 3847 519 3902 sanila
539 3848 619 3902 crucia
639 3847 717 3902 solum
739 3848 879 3902 excrescere
894 3848 992 3921 Egypti
1011 3849 1137 3918 planitiem
1157 3850 1263 3920 irrigare

238 3928 410 3992 consueverat,
431 3927 480 3981 ltoc
499 3945 566 3980 anno
583 3945 653 3980 ruore
673 3927 718 3980 suo
735 3944 786 3980 non
799 3927 910 3980 ascendit
921 3929 953 3981 ad
966 3928 1071 3998 signum,
1090 3930 1159 3998 quod
1171 3947 1263 4000 ponere

239 4007 317 4060 solent
338 4007 451 4078 Egyptij.
474 4008 523 4060 Sed
535 4008 560 4059 dc
572 4019 600 4060 ut
612 4007 770 4060 intelliximus
789 4023 908 4077 magnam
922 4019 1018 4078 partem
1032 4020 1096 4060 terre
1108 4009 1196 4062 ticam
1208 4009 1263 4062 reli·

238 4087 302 4156 quit,
324 4105 374 4157 que
392 4104 438 4140 nec
455 4087 520 4140 arari
540 4103 586 4140 nec
607 4086 721 4140 seminari
738 4097 839 4158 poterat
852 4088 895 4140 suo
907 4099 1029 4158 ternpore.
1053 4088 1127 4141 Unde
1139 4089 1262 4141 Soldanut

238 4165 331 4219 samem
353 4166 442 4219 timent
459 4167 620 4220 &caristiam
639 4171 664 4220 in
677 4184 790 4220 amorem
803 4167 930 4220 retinende
942 4167 1070 4233 Damiate,
1086 4168 1161 4220 talem
1173 4185 1261 4237 pacem

237 4262 296 4298 orror
307 4246 450 4300 Corradino
462 4246 538 4300 fratre
551 4249 594 4300 suo
608 4246 743 4300 christiania
756 4247 857 4313 obtulit,
869 4258 898 4301 ut
910 4263 1010 4300 crucem
1023 4247 1131 4300 laudaro
1144 4263 1193 4316 que
1201 4245 1262 4298 olim

237 4337 312 4400 capta
325 4325 373 4380 i'uit
387 4327 415 4378 in
425 4315 529 4380 ciboria
541 4327 683 4380 Sa'labadini
695 4344 753 4382 cum
766 4327 866 4382 civitate
879 4327 971 4392 sanila,
983 4327 1007 4381 dt
1021 4325 1137 4381 omnibus
1148 4325 1263 4400 captivit,
