3656 5648
582 514 641 606 66
701 511 939 642 Testimonio
965 510 1005 600 in
1029 507 1193 640 Magno
1219 507 1319 599 Brit.
1336 506 1516 636 scripto.

1261 676 1603 684 *mmm—-

623 792 705 838 1221.
747 773 869 837 Eodem
890 794 970 834 anno
986 773 1270 836 excommunicatus
1294 769 1336 833 est
1355 769 1538 835 Willelmus
1557 769 1693 835 cod-⁶4
1799 809 1800 836 3

578 887 643 928 mes
658 867 696 928 de
711 864 794 928 Albo
810 863 906 942 Mari,
930 865 1002 948 quia
1022 865 1075 948 qui
1103 864 1334 948 crucesignatus,
1357 885 1415 927 nec
1436 878 1543 926 votum
1564 881 1615 922 re-

581 955 698 1018 dimere
712 955 821 1034 voluit,
831 975 889 1017 nec
904 949 1068 1017 Ierusalem
1084 953 1244 1036 proficisci.

614 1106 714 1158 Eodem
727 1122 794 1157 anno
805 1105 869 1157 obiit
883 1122 969 1157 comes
981 1106 1014 1157 de
1035 1105 1153 1157 Arundel
1175 1105 1199 1157 in
1223 1105 1296 1158 Italia
1316 1108 1339 1158 dt
1360 1105 1414 1158 offa
1434 1105 1476 1157 sua
1498 1104 1618 1160 transsate

580 1186 636 1238 sunt
651 1187 673 1238 o
687 1185 781 1256 sepulta
796 1185 864 1254 apud
879 1184 1077 1239 Wimundharn.

613 1265 713 1319 Eodem
731 1283 799 1318 anno
821 1266 881 1317 ficut
905 1265 1035 1317 Honorius
1057 1281 1123 1335 papa
1140 1264 1228 1318 tertius
1247 1265 1337 1336 scripsit
1356 1265 1474 1318 omnibus
1496 1265 1618 1318 ecclesds:

581 1346 664 1397 «Rex
678 1345 763 1397 David
779 1345 868 1398 habuit
887 1343 1032 1398 candidium
1050 1361 1107 1397 eum
1127 1343 1230 1397 soldano
1250 1346 1356 1398 Persidis
1376 1349 1400 1398 dc
1419 1364 1450 1399 eo
1470 1345 1559 1416 fugato
1572 1363 1619 1416 per

579 1425 668 1496 viginti
681 1436 791 1494 quatuor
803 1425 882 1478 dietas
895 1424 1005 1478 obtinuit
1019 1443 1061 1478 rex
1076 1424 1099 1476 in
1117 1425 1216 1478 Perside
1237 1426 1352 1479 calita&
1371 1427 1486 1478 civitates
1506 1426 1618 1478 munitos

578 1506 613 1558 ita
629 1507 698 1576 quod
714 1523 764 1558 non
778 1505 886 1558 distabat
899 1523 914 1557 a
926 1504 1084 1558 famosrslima
1104 1505 1205 1558 civitate
1226 1505 1328 1572 Baldas,
1346 1505 1390 1557 ubi
1410 1507 1444 1558 est
1458 1523 1522 1576 pape
1537 1523 1619 1576 paga-

578 1603 669 1638 norunt
684 1586 754 1638 sedes
768 1584 886 1654 specialis,
901 1583 944 1636 nist
956 1602 999 1654 per
1011 1583 1098 1636 decern
1113 1585 1202 1638 dietas.
1227 1585 1342 1654 Populus
1359 1585 1433 1638 etiam
1453 1586 1617 1654 Georgianus

578 1666 603 1718 in
617 1665 693 1718 armis
708 1666 828 1730 strenuus,
840 1663 865 1716 in
880 1664 930 1716 fide
944 1663 1093 1730 catholicus,
1107 1677 1195 1718 contra
1213 1667 1361 1718 Sarracenos
1374 1664 1417 1720 fibi
1431 1665 1525 1718 vicinos
1538 1683 1615 1735 guer-

580 1765 633 1800 ram
646 1745 755 1800 movit.»

507 1904 564 1953 1223
621 1880 698 1967 Quo
723 1896 872 1963 tempore,
896 1881 933 1944 ad
960 1880 1129 1944 instantiam
1156 1881 1293 1944 Pandulfi
1326 1881 1503 1965 Apostolice
1525 1880 1612 1944 Sedis
1627 1900 1649 1945 Ρ·
1661 1885 1691 1942 67
1802 1901 1803 1910 ¹

581 1971 681 2054 legati,
704 1970 783 2032 fabia
804 1969 846 2032 est
869 1969 1021 2053 promiffio
1048 1971 1111 2054 regi
1127 1967 1374 2034 lerosolimorum
1397 1973 1427 2032 in
1448 1966 1610 2034 subsrdium

579 2059 678 2122 Terre
693 2059 811 2122 sancte:
828 2060 870 2121 ita
883 2059 966 2142 quod
982 2060 1111 2142 quilibet
1125 2081 1229 2123 comes
1245 2061 1328 2122 daret
1344 2077 1404 2124 tres
1434 2079 1559 2136 marcas,
1579 2057 1610 2119 dc

580 2149 710 2232 quilibet
725 2149 797 2210 baro
813 2169 905 2210 unam
921 2169 1064 2226 marcam,
1085 2147 1260 2231 &quilibet
1282 2148 1369 2212 miles
1389 2149 1436 2212 sex
1460 2147 1611 2225 denarios,

581 2237 610 2300 dt
625 2237 784 2322 quodlibet
799 2236 929 2300 castrum
944 2259 1039 2299 unum
1056 2239 1222 2300 denarium.

620 2373 741 2389 ......
766 2323 887 2388 Eodem
912 2347 1003 2404 anno,
1025 2325 1131 2390 Petrus
1152 2325 1376 2390 Wintoniensrs
1400 2323 1558 2408 episcopus
1580 2322 1610 2386 δι
1632 2340 1655 2385 Ρ·
1668 2335 1696 2384 75

581 2416 724 2480 dominus
749 2414 845 2478 Falco
867 2415 905 2477 de
921 2415 1062 2495 Breaute,
1083 2416 1156 2478 dum
1178 2415 1271 2498 parati
1286 2415 1380 2480 ellent
1399 2417 1456 2478 iter
1472 2415 1617 2495 arripere,

583 2503 754 2587 supervenit
777 2524 883 2566 rumor
898 2504 1006 2581 malus,
1028 2505 1065 2566 de
1081 2503 1204 2588 Egypto
1221 2503 1344 2583 scilicet,
1366 2505 1447 2588 quod
1464 2503 1617 2566 exercitus

582 2593 815 2656 christianorum
830 2593 1026 2655 circundatus
1047 2591 1144 2676 Nylo,
1167 2593 1251 2656 iuxta
1268 2593 1425 2655 civitatem
1447 2590 1617 2676 Babylonie

536 2733 542 2748 .
582 2679 813 2761 Saracenorum,
838 2680 963 2744 coaetus
987 2681 1030 2744 est
1052 2680 1177 2743 reddere
1193 2679 1381 2760 Damietam,
1401 2679 1616 2742 &concedere

498 2815 508 2824 .
582 2783 702 2849 treugas
719 2767 875 2831 Saracenis
898 2791 953 2851 pro
975 2767 1240 2850 compensatione,
1263 2769 1345 2851 quod
1366 2767 1516 2831 christiani
1544 2787 1616 2828 cum

584 2854 673 2918 rebus
689 2855 746 2918 suis
772 2852 844 2918 illest
869 2855 1096 2920 recederent&
1117 2857 1223 2919 civitas
1244 2856 1429 2935 redderetur,
1455 2857 1483 2920 δι
1508 2876 1616 2917 omnes

584 2944 697 3025 captivi
723 2946 753 3006 in
781 2943 928 3027 potestate
960 2944 1074 3007 soldani
1100 2944 1265 3029 Babylonis
1288 2945 1453 3024 constituti,
1484 2944 1617 3006 libertati

582 3031 824 3096 restituerentur.
845 3032 886 3096 Et
901 3035 958 3096 hac
973 3035 1101 3112 ratione,
1123 3032 1246 3117 Anglici
1272 3057 1289 3096 a
1310 3035 1360 3096 sua
1374 3033 1618 3117 peregrinatione

586 3119 776 3201 destiterunt,
791 3123 891 3186 donec
909 3144 927 3185 a
940 3122 1017 3185 Sede
1032 3121 1213 3205 Apostolica
1227 3123 1403 3186 mandatum
1407 3169 1485 3185 .....

757 3465 815 3546 50.
845 3463 1176 3520 BARTHOLOMAEUS
1200 3466 1251 3519 oe
1272 3466 1444 3539 coTToN,

835 3657 976 3748 Historia
996 3659 1178 3751 olnglt'cono
1196 3669 1357 3738 l-1298)·

814 3889 875 3956 [Ed.
891 3889 986 3954 Luard,
999 3889 1090 3955 Lood,
1107 3895 1181 3958 1859,
1197 3890 1261 3958 in·8,
1274 3907 1301 3959 p.
1323 3891 1392 3957 ιιι]

1086 4067 1104 4110 *

762 4271 873 4338 [Sequitur
885 4272 1017 4318 Martiam
1031 4272 1094 4318 Parit
1099 4270 1169 4336 supra
1178 4283 1218 4336 pp.
1229 4285 1302 4335 54-59
1312 4271 1439 4336 laudatum]
